2796 4176
241 197 839 276 Henckels — Hennefer
243 354 902 445 Joh. Albert Henckels,
238 436 1130 526 Düsseldorf, Kempgensweg 27.
241 517 1329 589 Fernruf: 24 953. Drahtanschrift: kalanderhenckels
243 566 607 621 Gründung: 1903.
241 593 1408 675 Fabrikationsprogramm: Kalander, Kalanderwalzen u.
245 644 735 700 deren Neubekleidungen.
238 677 914 744 Inhaber: Joh. Albert Henckels.
241 723 1406 791 Bankverbindung: Bankhaus C. G. Trinkaus, Düssel-
243 767 343 825 dorf.
238 816 872 872 Geschäftsjahr: Kalenderjahr.
234 955 1123 1048 Hengler & Cronemeyer Nachf.
232 1027 1248 1122 Maschinenfabrik u. Gravieranstalt,
232 1108 865 1187 Krefeld, Adlerstr. 45.
234 1185 1141 1252 Fernruf: 21 030. Drahtanschrift: hecrona
236 1234 594 1294 Gründung: 1898.
234 1269 1403 1334 Fabrikationsprogramm: Maschinen u. Öfen zur Her-
234 1320 1401 1385 stellung von Keks, Honigkuchen, Brot u. Kleingebäck.
234 1361 1150 1422 Bankverbindung: Dresdner Bank, Krefeld.
232 1405 893 1466 Postscheck-Konto: 6406 Köln.
234 1450 867 1505 Geschäftsjahr: Kalenderjahr.
229 1494 1394 1575 Eigene Vertretung in Berlin: A. Stehlik, Bln.-Halensee,
229 1556 716 1617 Georg-Wilhelm-Str. 14.
1352 1563 1380 1614 N
1540 373 2703 452 Firma gehört folgender Interessengemeinschaft an:
1543 422 2160 477 Hansella G. m. b. H., Viersen
1543 461 2700 531 Besondere Angaben: Die 1859 in Dresden gegründete
1543 503 2696 570 Firma C. E. Rost & Co., die seit Anfang dieses Jahr-
1540 540 2696 614 hunderts u. a. Bonbon- und Lakritzmaschinen baute, ging
1540 586 2696 649 1930 in die König-Friedrich-August-Hütte, Dresden-Frei-
1543 621 2696 698 tal, auf und wurde mit dem damals noch vorhandenen
1540 668 2693 742 Bestand 1933 wieder selbständig. Seit Februar 1937
1538 716 2696 781 firmiert die Firma wie oben. Durch Gemeinschafts-
1538 749 2693 823 vertrag übertrug sie die Fabrikation ihrer Erzeugnisse
1538 795 2693 867 der Hansella G. m. b. H. Sie ist Eigentümerin des Rosto-
1538 842 1842 909 plast-Patentes.
220 1693 1136 1784 E. G. Henkel Maschinenfabrik,
220 1767 1399 1855 Frankfurt a. M., Schleusenstraße 15/17.
225 1853 1074 1916 Fernruf: 33 965. Drahtanschrift: astra
225 1897 591 1958 Gründung: 1925.
225 1934 1304 2002 Fabrikationsprogramm: Maschinen für die Schuh-
225 1988 459 2041 fabrikation.
225 2020 740 2083 Inhaber: E. G. Henkel.
222 2071 1113 2125 Bevollmächtigte: W. Ellersieck, H. Kops.
222 2111 1389 2171 Bankverbindungen: Dresdner Bank, Deutsche Bank u.
222 2150 849 2213 Disconto-Ges., Frankfurt a. M.
222 2190 1118 2259 Postscheck-Konto: 50 893 Frankfurt a. M.
222 2243 830 2301 Geschäftsjahr: 1./1.—31./12.
220 2294 1392 2361 Anlagen: Maschinenbau-Werkstätten; elektrische Hebe-
222 2345 568 2405 kranvorrichtung.
222 2384 1389 2445 Besondere Angaben: Im Gründungsjahr wurde die 1920
220 2429 1385 2489 gegr. Astra Maschinenges. A.-G. übernommen. Im Laufe
218 2470 1382 2531 der Jahre wurden Neukonstruktionen aufgenommen, die
218 2512 1013 2577 zu erhöhter Geschäftstätigkeit führten,
218 2556 1382 2619 Gefolgschaft: 28 Arbeiter (davon 8 Lehrlinge) u. 5 An-
213 2600 832 2658 gestellte (davon 2 Lehrlinge).
1529 992 2206 1083 Richard Henne K.-G.,
1531 1064 2185 1153 Holzminden a. Weser,
1529 1143 2264 1231 Fürstenberger Straße 22.
1531 1215 2675 1299 Fernruf: 424. Drahtanschrift: maschinenfabrik henne
1531 1271 1900 1329 Gründung: 1878.
1531 1310 2689 1380 Fabrikationsprogramm: Asphalt- u. Teer-Straßenbau-
1531 1354 2053 1412 maschinen. Apparatebau.
1531 1396 2011 1456 Kapital: RM 90 000.—
1529 1433 2686 1501 Gesellschafter: Dr. ing. Erich Henne (97%), Frau Dr.
1529 1475 2480 1540 ing. Erich Henne (3%), Oberhausen-Sterkrade.
1526 1524 2538 1582 Geschäftsführer: Wilhelm Fischer, Holzminden.
1529 1566 2684 1635 Bankverbindung: Commerz- u. Privat-Bank A.-G., Holz-
1529 1612 1691 1668 minden.
1529 1642 2315 1707 Postscheck-Konto: 15 917 Hannover.
1531 1693 2134 1746 Geschäftsjahr: 1./1.—31./12.
1526 1753 2517 1821 Grundbesitz: 5500 qm, davon 1500 qm bebaut.
1526 1800 2682 1860 Anlagen: Dreherei, Bohrerei, Hobelei, Fräserei und
1524 1842 2682 1902 Schweißerei. Kupfer- u. Kesselschmiede. Schmiede-Fall-
1524 1883 2503 1951 hammer. Elektrisch-pneumatische Nietanlagen.
1524 1927 2682 1981 Besondere Angaben: Die Firma wurde als Kupfer-
1522 1969 2679 2027 schmiederei für Kleingewerbe gegründet. — 1880 Appa-
1522 2011 2677 2069 rate für die chemische u. landwirtschaftliche Industrie.
1529 2053 2675 2111 — 1886 Bau eines Fabrikgebäudes u. Herstellung größe-
1522 2090 2677 2162 rer Apparate für die Zuckerindustrie. — 1890 Bau von
1519 2136 2675 2197 stationären u. fahrbaren Asphaltkochanlagen für die As-
1524 2176 1816 2241 phaltindustrie.
1517 2217 2677 2289 Gefolgschaft: 48 Arbeiter (davon 8 Lehrlinge), 9 An-
1517 2257 2132 2336 gestellte (davon 3 Lehrlinge).
220 2737 542 2807 Wilh. Henkel
215 2790 689 2855 siehe Waagenfabrik
1512 2419 2308 2498 Hennefer Maschinenfabrik
1512 2494 2420 2584 C. Reuther & Reisert m. b. H.,
1512 2563 2053 2644 Hennef a. d. Sieg.
1510 2654 2601 2723 Fernruf: 410. Drahtanschrift: chronos hennefsieg
1512 2712 2322 2770 Gründung: 1881; seit 1897 G. m. b. H.
1510 2746 2673 2814 Fabrikationsprogramm: Automatische Ausschütt- und
1510 2788 2668 2848 Absack- bzw. Kleinabfüllwaagen (für Getreide, Mehl, Fut-
1510 2837 2668 2897 termittel, Geflügelmischfutter, Kartoffeln, Zucker, Rüben,
1510 2876 2668 2941 Trockenschnitzel, Kohle, Zement, Rohmehl, Klinker, Kalk,
1512 2918 2666 2983 Flüssigkeiten für Mischzwecke); Steuerwaagen für die
1510 2955 2668 3025 Brauindustrie und Waagen für die chemische Industrie.
1510 3006 2002 3067 Kapital: RM 600 000.—
1508 3048 2459 3104 Anteileigner: Familien Reuther und Reisert.
1508 3083 2668 3148 Geschäftsführer: Walther Reuther, Dr. Eduard Reisert.
1510 3129 2666 3192 Prokuristen: Wilhelm Heinrich Wormsberg, Carl Walter-
1508 3173 1649 3229 scheid.
1508 3208 2666 3273 Bankverbindungen: Reichsbank, Deutsche Bank u. Dis-
1508 3252 1860 3315 conto-Ges., Köln.
1505 3296 2155 3363 Postscheck-Konto: 2522 Köln.
1503 3336 2111 3398 Geschäftsjahr: 1./1.—31./12.
1503 3391 2526 3466 Grundbesitz: 20 128 qm, davon 10 050 qm bebaut.
1505 3449 2540 3514 Anlagen: Montagehalle, mechanische Werkstätten.
1503 3493 2661 3551 Eigene Vertretung in Berlin: Karl Rüdiger, Bln.-Lank-
1512 3533 1944 3593 witz, Charlottenstr. 2
1501 3575 2475 3635 Eigene Vertretung im Ausland: Frankreich.
1503 3619 2659 3679 Gefolgschaft: 208 Arbeiter (davon 44 Lehrlinge), 38
1501 3653 2478 3744 kfm. u. techn. Angestellte (davon 8 Lehrlinge).
208 2930 830 3018 Henkella G. m. b. H.,
213 3002 1176 3094 Viersen (Rhld.), Freiheitstr. 401.
211 3097 1104 3155 Fernruf: 2949. Drahtanschrift: henkella
211 3136 575 3194 Gründung: 1933.
213 3183 1378 3245 Fabrikationsprogramm: Maschinen für die Fabrikation
213 3224 1375 3280 von Karamellen und Lakritzen. (Die Fabrikation ist ver-
211 3261 1375 3333 traglich der Hansella G. m. b. H., Viersen, übertragen.)
213 3305 652 3366 Kapital: RM 25 000.-
211 3345 1378 3408 Anteileigner: Albert Henkel jr., London (55%); Hansella
211 3394 1375 3454 G. m. b. H., Viersen (20%); Frau E. Beyertz, V.-Helena-
208 3428 473 3489 brunn (25%).
211 3475 1139 3540 Geschäftsführer: Albert Henkel sr., Viersen.
208 3512 1371 3586 Bankverbindung: Deutsche Bank u. Disconto-Ges.,
211 3558 378 3614 Viersen.
208 3591 884 3663 Postscheck-Konto: 49 584 Köln.
208 3649 830 3721 Geschäftsjahr: Kalenderjahr.
197 3821 315 3899 240
