2796 4176
225 231 693 313 Röhrig — Rössler
225 380 1246 450 Grundbesitz: 14 000 qm, davon 2500 qm bebaut.
227 426 1399 491 Anlagen: Fabrikanlagen mit 3 Gebäuden, ferner Härte-
227 475 712 531 rei, Werkzeugmacherei.
227 512 1399 575 Eigene Vertretung in Berlin: August Schwarz, Bln.-
229 559 707 617 Dahlem, Falkenried 12.
227 589 1317 665 Eigene Vertretungen im Ausland: Auf Anfrage.
229 633 1394 702 Besondere Angaben: Die Fa. wurde als Werkzeug-
227 675 1396 744 fabrik gegründet. Ursprünglich wurden ausschließlich
229 723 1394 784 Zweibacken-Bohrfutter hergestellt, später auch Gewinde-
227 760 1394 825 fräsmaschinen. Im Laufe der Jahre erfolgte dann eine
229 807 1394 867 Umstellung auf Präzisions-Spannwerkzeuge, die größten-
229 853 1271 911 teils durch In- und Auslandspatente geschützt sind.
236 893 1287 951 Vom Gesamtumsatz 1936 entfielen 40 % auf Export.
229 934 1234 995 Gefolgschaft: 300 Arbeiter und 30 Angestellte.
229 974 1399 1046 Zur Ausbildung des Nachwuchses wird eine Lehrlings-
229 1025 696 1081 werkstatt unterhalten.
227 1171 918 1255 Bernhard Röhrig G. m. b. H.
232 1238 770 1303 siehe Automatenfabrik
236 1398 914 1489 Julius Römheld A.-G.,
232 1473 879 1561 Mainz, Rheinallee 92.
236 1549 1201 1626 Fernruf: 34 147/48. Drahtanschrift: römguss
236 1607 916 1668 Gründung: 1859; seit 1923 A.-G.
236 1630 1406 1719 Fabrikationsprogramm: Apparate für die chem. Indu-
236 1691 1403 1749 strie (auch aus Schmiedeeisen u. Hartblei). Elektro-
236 1726 1403 1800 automat. „Arktis“-Kühlanlagen. Stahlbaukonstruktionen
236 1774 1403 1832 für Hochbauten, Brücken; Gittermaste, Behälter. Grau-
241 1811 1403 1883 gußstücke nach Modell u. Schablone bis 12 000 kg Stück-
236 1855 1403 1925 gewicht. Hochsäurebeständiger Siliziumeisenguß „Dura-
238 1907 331 1967 cid“
236 1937 740 2006 Kapital: RM 180 000.—.
241 1988 935 2046 Großaktionär: Familie Römheld.
241 2025 1051 2090 Vorstand: Dipl.-Ing. W. Th. Römheld.
241 2069 1408 2136 Prokuristen: Heinrich Stiep, Friedrich Commerçon, Lud-
241 2118 819 2171 wig Münker, Wilhelm Sons.
243 2152 1350 2217 Aufsichtsrat: Vors.: Oberregierungsrat Ernst Moelle,
241 2194 1167 2257 Kassel; Stellv.: Apotheker Th. Thurn, Mainz.
241 2238 1408 2299 Bankverbindungen: Mainzer Volksbank e. G. m. b. H.,
245 2282 635 2345 Reichsbank, Mainz.
243 2315 1127 2389 Postscheck-Konto: 11 327 Frankfurt a. M.
243 2373 856 2424 Geschäftsjahr: 1./1.—31./12.
241 2419 1239 2489 Grundbesitz: 12 000 qm, davon 6000 qm bebaut.
241 2468 1413 2535 Anlagen: Eisengießerei mit Modellschreinerei. Maschinen-
243 2517 1410 2584 fabrik und Apparatebau mit Kältemaschinenabteilung,
243 2558 436 2619 Stahlbau.
243 2584 1410 2665 Eigene Vertretungen im Ausland: Basel, Oslo, Paris.
243 2640 1410 2702 Besondere Angaben: Die Fa. wurde 1859 mit einer Be-
245 2681 1410 2744 legschaft von 10 Mann als reine Eisengießerei gegründet.
245 2726 1410 2788 Mit der Entwicklung der chem. Großindustrie im Rhein-
245 2767 1408 2830 Main-Gebiet nahm sie einen beträchtlichen Aufschwung
245 2804 1413 2869 und gliederte sich die Abteilungen Maschinenfabrik und
245 2851 1413 2911 Stahlbau an. Sie wurde im Jahr 1923 in eine Aktiengesell-
245 2886 1413 2953 schaft umgewandelt, soll aber in Kürze in die Form einer
245 2937 1143 2997 Kommanditgesellschaft übergeführt werden.
245 2981 1413 3039 Gefolgschaft: Etwa 230 Mann, darunter 50 Lehrlinge.
245 3022 1408 3085 Die Fa. ist Mitglied der Industrie-Lehrwerkstatt e. G.
245 3064 1413 3125 m. b. H., Mainz, welche Lehrlinge nach den Grundsätzen
245 3111 719 3166 des „Dinta“ ausbildet.
1524 389 2684 438 brennereien, Behälter und Stahlbauten; Grauguß (be-
1531 424 2067 480 sonders Straßenkanalguß).
1529 466 2067 522 Inhaber: Rudolf Roensch.
1531 503 2160 563 Prokurist: Friedrich Roensch.
1529 538 2682 607 Bankverbindungen: Reichsbank-Girokonto, Bank der
1531 589 2684 644 Ostpr. Landschaft, Stadt- u. Kreissparkasse, Allenstein.
1529 633 2345 691 Postscheck-Konto: 669 Königsberg/Pr.
1531 679 2134 730 Geschäftsjahr: 1./1.—31./12.
1529 733 2524 795 Grundbesitz: 18 000 qm, davon 3500 qm bebaut.
1531 777 2691 832 Anlagen: Maschinenfabrik mit Presserei und Stanzerei;
1533 823 2134 890 Gießerei mit Modelltischlerei.
1529 937 2016 1009 A. Röper. Kom.-Ges.
1529 990 2624 1055 siehe Rhein. Maschinenfabrik u. Eisengießerei
1526 1122 2568 1211 Rösen & Robbert Maschinenfabrik,
1529 1197 2563 1280 Neheim a. d. Ruhr, Gransaustr. 23.
1531 1285 2693 1350 Fernruf: Neheim 2433. Drahtanschrift: rösenrobbert
1536 1331 1902 1392 Gründung: 1918.
1533 1371 2693 1436 Fabrikationsprogramm: Bäckerei- u. Konditoreimaschi-
1536 1415 2691 1477 nen, außer Backöfen. Maschinen u. Apparate für die
1533 1456 2691 1514 Fleischverarbeitung u. Schlachthauseinrichtungen. Auf-
1538 1503 2083 1559 schnitt-Schneidemaschinen.
1536 1540 2693 1600 Bankverbindungen: Deutsche Bank u. Disconto-Ges.,
1536 1589 1937 1642 Sparkasse, Neheim.
1536 1626 2338 1684 Postscheck-Konto: 12 257 Dortmund.
1533 1668 2157 1730 Geschäftsjahr: Kalenderjahr.
1536 1716 2691 1800 Eigene Vertretung in Berlin: Ernst Schmidt, 0 112,
1540 1779 1823 1835 Liebigstr. 22.
1533 1913 2329 2002 Roesler & Co., G. m. b. H.,
1533 1985 2552 2071 Leipzig N 25, Immelmannstraße 9.
1538 2067 2480 2141 Fernruf: 55 185. Drahtanschrift: siphonges
1540 2122 1907 2180 Gründung: 1896.
1540 2157 2698 2222 Fabrikationsprogramm: Biersiphons; Warm- u. Kühl-
1540 2204 2696 2271 haltungen; Glasschauschränke; Fahrbüfette u. Restau-
1543 2241 2693 2303 rationswagen. — Badebrausen, Rasensprenger, sonstige
1543 2289 2642 2352 Armaturen. — Benzin-Ölmischapparate f. Tankstellen.
1543 2331 2011 2389 Kapital: RM 70 000.—
1543 2361 2538 2436 Anteileigner: Familien Roesler u. Thierfelder.
1545 2412 2389 2475 Geschäftsführer: Otto Helmuth Roesler.
1543 2456 2698 2521 Bankverbindungen: Allgem. Deutsche Credit-Anstalt,
1547 2503 2132 2561 Stadt- u. Girobank, Leipzig.
1543 2545 2208 2600 Postscheck-Konto: 26 Leipzig.
1540 2584 2171 2644 Geschäftsjahr: Kalenderjahr.
1543 2635 2522 2707 Grundbesitz: 4300 qm, davon 1000 qm bebaut.
1545 2684 2700 2749 Anlagen: Metallwarenfabrik mit Schlosserei u. Dreherei;
1547 2732 2700 2793 Automaten, Klempnerei mit galvanischer Anstalt u. Po-
1543 2777 2290 2835 liererei; Schweißerei. Gleisanschluß.
1545 2811 2703 2876 Besondere Angaben: Als Biersiphonfabrik mit eigenen
1545 2858 2700 2920 Patenten gegründet. — 1900 Aufnahme der Fabrikation
1547 2893 2698 2958 der Fahrbüfette u. sonstiger Gastwirtsartikel. — 1930
1549 2944 2703 3006 Aufnahme der Fabrikation von patentierten Badebrausen,
1547 2990 2171 3046 Rasensprengern u. Armaturen
1547 3018 2703 3101 Gefolgschaft: 12 Arbeiter (davon 1 Lehrling) und 3
1549 3076 1798 3129 Angestellte.
245 3273 853 3368 Karl Roensch & Co.
245 3345 1343 3442 Maschinenfabrik, Eisengießerei und.
252 3424 726 3510 Kesselschmiede,
248 3493 1373 3582 Allenstein, Karl-Roensch-Straße 1—9.
248 3586 1109 3651 Fernruf: 2020. Drahtanschrift: roensch
250 3630 610 3686 Gründung: 1885.
248 3656 1433 3746 Fabrikationsprogramm: Sägewerksmaschinen, Spiritus-
1545 3220 2037 3294 Karl F. Rössler,
1545 3285 2099 3380 Neugersdorf (Sa.).
1552 3357 1865 3428 Fernruf: 2075.
1552 3401 1923 3466 Gründung: 1886.
1549 3438 2707 3510 Fabrikationsprogramm: Aufzüge für Personen, Kranke,
1554 3486 2703 3554 Lasten jeder Größe, für Asche, Speisen u. Akten, Schräg-
1554 3526 2705 3593 u. Faßaufzüge, Krane u. Winden, elektrisch betätigte
1552 3577 1956 3635 Tore, Schlagbäume.
1552 3612 2566 3677 Bankverbindung: Sächs. Bank, Neugersdorf/Sa.
1549 3658 2308 3735 Postscheck-Konto: 31 259 Dresden.
252 3851 361 3939 498
