2796 4124
82 320 1226 384 Anteileigner: Gustav-Werner-Stiftung zum Bruderhaus
82 368 446 430 Reutlingen/Württ.
82 403 1001 467 Geschäftsführer: Dipl.-Ing. Arthur Gayler.
84 449 925 515 Prokuristen: Carl Mertz, Emil Peschke.
84 492 1244 559 Bankverbindungen: Reichsbank, Reutlingen; Commerz-
89 531 733 591 u. Privat-Bank A.-G., Stuttgart.
84 577 815 641 Postscheck-Konto: 8308 Stuttgart.
82 616 653 673 Geschäftsjahr: 1./5.—30./4.
87 664 1244 742 Anlagen: Maschinenbau-Werkstätten mit den erforder-
89 726 547 788 lichen Nebenbetrieben.
84 820 1017 909 Maschinenfabrik Bucher-Guyer,
84 893 868 980 Grießen-Baden (Bahnhof).
87 962 1228 1040 Fernruf: 201/202. Drahtanschrift: luna grießenbaden
89 1017 440 1074 Gründung: 1922.
87 1060 1246 1120 Fabrikationsprogramm: Jauchepumpen für Kraft-
89 1102 1242 1166 betrieb; hydraul. Obst- u. Traubenpressen; Baumspritzen.
89 1143 905 1207 Inhaber: Joh. Bucher, Niederweningen.
91 1186 916 1241 Geschäftsleiter: Ing. A. Willi, Grießen.
89 1216 1244 1289 Bankverbindungen: Bezirkssparkasse, Waldshut; Klett-
91 1262 1242 1340 gauer Bank, Grießen; Spar- u. Vorschußbank, Wangen/
93 1312 187 1367 Allg.
89 1344 877 1411 Postscheck-Konto: 39 600 Karlsruhe.
89 1392 685 1452 Geschäftsjahr: 1./1.—31./12,
89 1452 1242 1514 Grundbesitz: 18 000 qm, davon 1800 qm bebaut; ge-
93 1498 1246 1569 pachtet sind 400 qm mit 400 qm bebauter Fläche; ge-
93 1546 680 1603 samte Nutzfläche: 18 400 qm.
91 1585 957 1642 Anlagen: Maschinenbau mit Rohrzieherei.
1228 164 2557 247 Maschinenfabrik Bucher — Maschinenfabrik Cron
1381 329 2555 387 Bankverbindungen: Reichsbank, Deutsche Bank u. Dis-
1388 366 2553 426 conto-Ges., Commerz- u. Privat-Bank A.-G., Magdeburg.
1386 400 2170 465 Postscheck-Konto: 1930 Magdeburg.
1386 451 1998 504 Geschäftsjahr: 1./1.—31./12.
1384 499 2557 570 Grundbesitz: 1 080 139 qm, davon 263 859 qm bebaut.
1393 556 2555 611 Anlagen: Werk Buckau. — Werk Salbke. — Werk Gre-
1386 597 2553 659 venbroich. — (Montagehallen, mechanische Werkstätten
1384 641 2555 694 mit den erforderlichen Nebenbetrieben.) Ferner Wasser-
1388 687 2553 740 gasanstalt; Gebläse-Prüffeld, Lokomobil- u. Motoren-
1388 726 2553 776 Prüffeld, Pumpen- u. Zellenfilter-Prüffeld; Schmelz- u.
1388 762 2553 829 Untersuchungs-Laboratorium; Versuchsanstalten für
1388 808 2555 861 Aufbereitung, Trocknung u. Brikettierung von Braun-
1386 843 2117 909 kohle, Kalksandstein u. Mineralien.
1384 891 2553 948 Eigene Vertretung in Berlin: Zweigbüro, W 15, Jo-
1388 934 1789 994 achimstahler Str. 9.
1386 971 2553 1035 Eigene Vertretungen im Ausland: Wien, Mailand,
1393 1014 2133 1076 Paris, Madrid, weitere auf Anfrage.
1386 1051 2550 1118 Tochtergesellschaften: Stahlwerk Augustfehn A.-G.,
1388 1102 2553 1166 Augustfehn (58%). — Maschinenfabrik Grevenbroich
1388 1143 2550 1207 A.-G., Grevenbroich/Niederrhein (100 %). — Otto Gruson
1388 1184 2553 1246 & Co. Kom.-Ges., Magdeburg-Buckau (100 %). — Breest &
1384 1228 2142 1285 Co. G. m. b. H., Magdeburg (50 %).
1384 1262 2553 1326 Besondere Angaben: Die A.-G. ist aus der 1837 ge-
1381 1312 2553 1367 gründeten Reederei „Hamburg-Magdeburger Dampfschiff-
1384 1356 2550 1415 fahrts-Compagnie“ hervorgegangen. — 1881 Trennung
1386 1397 2548 1452 von Reederei und Fabrikunternehmen. — 1884 Umwand-
1386 1431 2546 1496 lung der Firma in „Maschinenfabrik Buckau A.-G. zu
1386 1477 2546 1539 Magdeburg“. Bau von Braunkohlen-Brikettpressen und
1384 1519 2548 1583 Spezialapparaten für die Braunkohlen-Industrie. — 1903
1384 1557 2550 1619 Errichtung eines Wassergas-Schweißwerkes. — 1906 Kauf
1384 1606 2546 1670 der „Maschinenfabrik Röhrig & König“, Magdeburg-
1388 1647 2546 1704 Sudenburg. — 1926 Übernahme der Mehrheit der Anteile
1384 1683 2543 1745 der „R. Becker & Co. G. m. b. H.“, Dessau. — 1927
1384 1727 2546 1796 Eingliederung der „Maschinenfabrik Grevenbroich“ durch
1381 1773 2546 1835 Fusion. — 1928 Abschluß eines Fusionsvertrages mit der
1384 1812 2543 1871 „R. Wolf Aktiengesellschaft, Magdeburg“. Ferner wurde
1381 1858 2543 1922 die Fabrikation des Werkes Sudenburg (vorm. Röhrig.
1384 1899 2543 1956 & König) nach dem Werke Salbke übergeleitet. Erster
1384 1938 2546 1997 Bauabschnitt eines neuen Verwaltungsgebäudes. — 1929
1381 1981 2543 2045 Erweiterungsbauten in den Werken Buckau und Salbke.
1386 2027 2543 2084 — 1930 übernahm die Ges. das Kommanditkapital der
1384 2066 2541 2128 „Otto Gruson & Co. Komm.-Ges.“, Magdeburg-Buckau. —
1381 2110 2541 2165 1932 Übernahme der Fabrikationsrechte der „Kesselbau-
1381 2151 2541 2215 fabrik K. & Th. Möller“, Brackwede. — 1935: Um den
1381 2190 2543 2261 Maschinenpark den gesteigerten Anforderungen anzu-
1379 2233 2537 2293 passen, wurden erhebliche Aufwendungen gemacht. —
1379 2279 2541 2339 1936 ist der Geschäftsgang zufriedenstellend gewesen;
1379 2320 2541 2391 die Auftragseingänge überstiegen die Zahlen im Vor-
1381 2362 1503 2423 jahre.
1377 2403 2543 2467 Gefolgschaft: 1931 1932 1933 1934 1935 1936
1384 2446 1615 2501 insgesamt
1801 2442 2537 2508 3770 2993 3921 5020 6195 6407
1379 2488 2539 2556 Umsatz (Mill. RM) 22,07 15,71 18,58 29,99 30,08 39,36
89 1716 1072 1805 Maschinenfabrik Buckau R. Wolf
91 1787 632 1867 Aktiengesellschaft,
91 1864 426 1952 Magdeburg.
89 1945 630 2009 Fernruf: 41 942 u. 42 551.
91 1984 1056 2050 Drahtanschrift: maschinenbau (u.) lokomobile
96 2036 451 2091 Gründung: 1838.
93 2066 1246 2133 Fabrikationsprogramm: Vollständige maschinelle Ein-
93 2116 1244 2176 richtungen für Braunkohlen-Brikettfabriken, Torfbrikett-
98 2162 1244 2215 fabrikeinrichtungen, Trocken- u. Mahlanlagen für Staub-
93 2197 1242 2261 feuerungen; Abraum- u. Kohlenbagger, Schrägaufzüge u.
96 2245 1244 2297 sonstige Spezialapparate für Abraumbewegung; kom-
96 2284 1242 2346 plette maschinelle Einrichtungen für die Zuckerindustrie,
93 2327 1242 2385 chemische Industrie, Ziegeleien, Kalksandsteinfabriken
100 2371 1244 2428 u. Steinkohlenbrikettfabriken, Zentrifugen f. alle Zwecke,
96 2412 1242 2467 wassergasgeschweißte Rohre, Formstücke; alle Arten von
93 2456 1242 2511 fahrbaren u. ortsfesten Lokomobilen von 6 bis 800 PS
91 2497 1244 2554 für Industrie u. Landwirtschaft, vollständige Dampf-
96 2536 1244 2595 pflugapparate, Dampfmaschinen; Dampfkessel aller Art
96 2579 1242 2639 bis zu den größten Leistungen u. für höchste Drücke,
91 2623 1242 2678 vollständige Kesselhäuser, Feuerungen, Speisewasser-
96 2666 1239 2721 u. Luftvorwärmer, Pumpen, Zellenfilter-Saugtrockner
91 2708 1242 2763 D. R. P. für ununterbrochene Arbeitsweise; Dieselmoto-
93 2749 985 2806 ren; emaillierte Gefäße für Brauereien usw.
93 2792 625 2852 Kapital: RM 10 000 000.—.
96 2829 1242 2889 Vorstand: Die Direktoren: Dr. jur. Wilhelm Kleinherne,
91 2868 1239 2932 Heinrich Notz, Konstantin Pfeffer, Josef Schöbl, Philipp
93 2916 1239 2973 Capitaine, Karl Ewald, Werner Langen, Hermann Mylius.
91 2960 1239 3019 Prokuristen: Stellv. Betriebsdir. Dr. ing. Karl Baldauf,
93 3003 1239 3060 Abt.-Dir. Dipl.-Ing. Wilhelm Heck, Abt.-Dir. Dipl.-Ing.
91 3042 1242 3102 Karl Heilmann, Dir. Dipl.-Kfm. Johannes Rödel, Betriebs-
91 3083 1237 3141 Dir. Dipl.-Ing. Werner Singewald, Abt.-Dir. Franz Triff-
89 3129 1237 3186 terer, Dir. Dr. ing. Otto Wirmer, Abt.-Dir. Otto Zimmer-
93 3168 1239 3228 mann, Kfm. Ernst Böther-Schultze, Kfm. Albert Brau-
89 3209 1237 3273 mann, Kfm. Alexander Frommann, Kfm. Friedrich Huth,
98 3251 1235 3322 Obering. Richard Knauf, Kfm. Paul Köppen, Obering.
91 3296 1235 3356 Dipl.-Ing. Traugott Pini, Obering. Paul Richter, Obering.
89 3333 1239 3402 Karl Roesler, Obering. Heinrich Sanwald, Kfm. Heinrich
91 3377 1237 3438 Scheld, Kfm. Rudolf Schmidt, Kfm. Franz Schmitz, Kfm.
91 3425 1239 3480 Albrecht Schulze, Kfm. Erich Sokol, Obering. Friedrich
91 3466 1090 3521 Stendel, Kfm. Willy Thiel, Kfm. Arthur Wantke.
93 3509 1242 3564 Aufsichtsrat: Vors.: Gen.-Dir. Dr. ing. h. c. Wilhelm
89 3546 1239 3629 Kleinherne, Magdeburg; Stellv.: Bankdir. Oswald Rös-
84 3587 304 3656 ler, Berlin.
1377 2582 2113 2669 Maschinenfabrik Cramer,
1375 2655 2028 2740 Inh. Cramer & Söhne,
1375 2728 2236 2813 Leer (Ostfr.), Reimersstr. 35.
1379 2795 1686 2861 Fernruf: 2069.
1379 2850 1741 2905 Gründung: 1835.
1377 2886 2534 2953 Fabrikationsprogramm: Schrotmühlen, Haferquetschen.
1377 2930 2532 3001 Inhaber: Ing. Heinrich Cramer, Dipl.-Ing. Carl Cramer,
1379 2969 1865 3031 Dipl.-Ing. Hans Cramer.
1375 3017 2534 3079 Bankverbindungen: Gewerbe- u. Handelsbank, Reichs-
1379 3054 1938 3115 bank-Girokonto, Leer/Ostfr.
1377 3097 2147 3161 Postscheck-Konto: 17 205 Hannover.
1372 3145 1975 3202 Geschäftsjahr: 1./1.—31./12.
1370 3239 2172 3326 Maschinenfabrik Carl Cron,
1370 3310 2147 3397 Mannheim-Industriehafen,
1372 3393 2101 3468 Friesenheimer Straße 20.
1370 3457 2268 3523 Fernruf: 50 607. Drahtanschrift: carlcron
1372 3505 1730 3567 Gründung: 1867.
1370 3551 2532 3608 Fabrikationsprogramm: Komplette Filteranlagen, auto-
1368 3594 2532 3663 matische Faß- und Flaschenkellereianlagen, Mineralwas-
89 3796 786 3871 24 Maschinen-Industrie 1937
2422 3773 2537 3878 369
