2796 4124
116 339 1221 416 P. Schumacher Landmaschinenfabrik,
123 407 781 497 Wuppertal-Vohwinkel.
123 492 467 563 Fernruf: 32 075.
126 540 483 604 Gründung: 1899.
126 575 1191 648 Fabrikationsprogramm: Strohpresse, Strohbinder,
126 630 449 687 Hackmaschinen.
126 652 1095 735 Inhaber: Wwe. P. Schumacher, W.-Vohwinkel.
126 710 1104 769 Geschäftsleiter: Josef u. Ludwig Schumacher.
126 746 1290 822 Bankverbindungen: von der Heydt-Kersten & Söhne,
128 795 792 852 Städt. Sparkasse, W.-Vohwinkel.
126 831 1120 900 Postscheck-Konto: 105 674 Köln; 24 066 Essen.
126 882 726 941 Geschäftsjahr: 1./1.—31./12.
123 948 1134 1014 Grundbesitz: 8200 qm, davon 5500 qm bebaut.
126 987 1290 1060 Eigene Vertretungen im Ausland: Wien, Venlo, De
128 1044 866 1106 Steeg bij Arnhem, Mersch (Luxbg.).
126 1269 1283 1358 Schumag, Schumacher Metallwerke A. G.
123 1351 841 1436 für Präzisionsmechanik,
126 1425 786 1512 Aachen, Hauptstr. 35.
132 1507 1054 1576 Fernruf: 27 556. Drahtanschrift: schumag
132 1555 838 1612 Gründung: 1830; seit 1922 A.-G.
132 1587 1297 1658 Fabrikationsprogramm: Präzisionsteile u. Drahtartikel
132 1638 1294 1702 aller Art. Nadeln verschiedenster Gattung, Angelhaken,
137 1686 664 1736 Werkzeuge u. Maschinen.
135 1722 621 1782 Kapital: RM 677 000.—.
137 1768 641 1823 Vorstand: Edgar Effert.
137 1793 1294 1867 Aufsichtsrat: Dir. Gustav Koch, Saaz; Bankdir. Dr. jur.
135 1848 575 1908 Hans Simon, Aachen.
135 1885 1182 1954 Bankverbindungen: Dresdner Bank, Reichsbank,
139 1935 302 1993 Aachen.
132 1970 811 2043 Postscheck-Konto: 70 156 Köln.
135 2036 1301 2112 Grundbesitz: 10 700 qm, davon 5400 qm bebaut; gesamte
137 2098 591 2155 Nutzfläche: 14 000 qm.
135 2121 1301 2208 Besondere Angaben: Exportanteil 1936 vom Umsatz
139 2188 346 2238 etwa 60 %.
132 2217 758 2293 Gefolgschaft: 450 Mitglieder.
1409 339 2282 410 Schumann & Co., Kom.-Ges.,
1409 396 2493 485 Leipzig W 31, Karl-Heine-Str. 89/93.
1414 488 2385 547 Fernruf: 44 351. Drahtanschrift: armaturen
1418 536 1778 591 Gründung: 1882.
1416 572 2573 634 Fabrikationsprogramm: Dampfarmaturen u. Apparate
1418 620 1941 682 für die Wärmewirtschaft.
1416 659 2184 719 Gesellschafter: Ing. Wilhelm Iseler.
1418 698 2571 765 Prokuristen: Obering. Eduard Edler, Hugo Harnisch,
1416 746 1890 808 Obering. Otto Wehner.
1418 781 2573 847 Bankverbindungen: Allgemeine Deutsche Credit-An-
1420 824 2179 886 stalt, Reichsbank-Girokonto, Leipzig.
1418 872 2117 925 Postscheck-Konto: 5300 Leipzig.
1416 914 2025 973 Geschäftsjahr: 1./10.—30./9.
1418 964 2397 1033 Anlagen: Fabrikationswerkstätten u. Gießerei.
1420 1010 2573 1079 Eigene Vertretung in Berlin: Dipl.-Ing. Carl Bruch,
1420 1060 2298 1122 Bln.-Wilmersdorf, Aschaffenburger Str. 25.
1423 1102 2433 1161 Vertretungen im In- u. Ausland: Auf Anfrage.
1420 1136 2578 1209 Besondere Angaben: Aus kleinen Anfängen heraus hat
1420 1179 2573 1250 sich die Gesellschaft zu ihrem heutigen Umfange ent-
1423 1218 2573 1283 wickelt. Den Fortschritten der Technik folgend, be-
1423 1264 2571 1328 faßte sich das Werk von jeher mit der Herstellung von
1423 1308 2573 1367 Sonderkonstruktionen, insbesondere den Hoch- und
1423 1356 1895 1418 Höchstdruckarmaturen.
1966 183 2566 252 Schumacher — Schuss
1423 1452 2218 1528 Schumann & Levering, G. m. b. H.
1423 1512 1943 1573 siehe Maschinenfabrik
1423 1608 2044 1679 Gust. Schurz Masch.-Fabr.
1423 1651 2488 1743 siehe Eisen- u. Metallgießerei Winand Pitzler
1423 1761 1915 1842 Gebrüder Schuss
1423 1832 2115 1915 Kommanditgesellschaft,
1425 1903 1909 2000 Siegen (Westf.).
1425 1986 2433 2062 Fernruf: 1546. Drahtanschrift: gebrüderschuß
1427 2036 2133 2096 Gründung: 1936; seit 1937 K.-G.
1430 2066 2582 2146 Fabrikationsprogramm: Spezialität: Blechbearbeitung
1430 2128 1796 2178 in 40 mm Stärke.
1430 2165 1927 2222 Kapital: RM 480 000.—.
1427 2185 2438 2261 Gesellschafter: Otto Schuß, Martin Bickenbach.
1430 2245 2200 2304 Geschäftsführer: Die Gesellschafter.
1430 2281 2342 2350 Prokuristen: Christian Acker, Rudolf Kuß.
1427 2325 2582 2401 Bankverbindungen: Reichsbank, Deutsche Bank u. Dis-
1430 2375 1824 2435 conto-Ges., Siegen.
1430 2412 2129 2474 Postscheck-Konto: 11 841 Köln.
1430 2456 2005 2517 Geschäftsjahr: 1./7.—30./6.
1430 2501 2500 2566 Grundbesitz: 38 563 qm, davon 13 729 qm bebaut.
1432 2550 2516 2616 Anlagen: Kesselschmiede; Apparatebauwerkstätten;
1434 2598 2046 2657 Schweißwerk. Sauerstoffwerk.
1432 2627 2582 2701 Eigene Vertretung in Berlin: Otto Kliem, SW 68,
1441 2678 1707 2735 Besselstr. 17.
1432 2717 2587 2779 Eigene Vertretungen im Ausland: In 23 verschiedenen
1434 2763 2097 2822 Ländern; Adressen auf Anfrage.
1434 2797 2585 2870 Besondere Angaben: Die Firma ist aus einer Schlosser-
1434 2847 2589 2900 werkstatt des Schlossermeisters Johann Heinrich Schuß
1434 2882 2587 2946 hervorgegangen. Die ersten Erzeugnisse waren Gruben-
1434 2928 2585 2989 wagen (Hunde), daneben wurde die Kunstschlosserei be-
1434 2969 2587 3035 trieben. — 1870 Erweiterungsbau der Werkstatt. — 1875
1434 3008 2587 3072 wurde der Betrieb „Gebrüder Schuß“ handelsgerichtlich
1434 3051 2587 3115 eingetragen, die Werkstätte erweitert u. 10 Arbeiter be-
1434 3097 2587 3157 schäftigt. Der Kundenkreis erstreckte sich über das
1434 3138 2589 3205 westdeutsche Industriegebiet. Die einfachen Schlosser-
1434 3180 2589 3248 arbeiten wurden aufgegeben u. hierfür Kesselschmiede-
1434 3219 2589 3287 arbeiten aufgenommen. — 1880 Vergrößerungen der
1441 3255 2587 3322 Werkstätten, Umstellung des Fabrikationsprogrammes
1436 3299 2589 3365 durch Herstellung schwerer Blechkonstruktionen. An-
1439 3345 2582 3404 wendung u. Vervolkommnung der Schweißtechnik. —
1439 3388 2589 3450 Die Erfolgskurve des Werkes weist Ende 1899 beharr-
1436 3427 2592 3491 lich nach oben. — 1907/14 Erweiterung des Fabrikations-
1439 3473 2592 3542 programmes, Nutzbarmachung des Autogen-Schweißver-
1439 3516 2592 3581 fahrens. — 1916 Herstellung schmiedeeiserner Kühlarma-
1439 3548 2592 3624 turen für Hüttenöfen. — 1920 Bau neuer Werksanlagen
1439 3599 2592 3677 auf der sogenannten Rinsenau bei Siegen, die von Jahr
135 2430 836 2515 Ernst Schumann K.-G.,
135 2501 1081 2595 Engelsdorf-Leipzig, Arnoldstr. 1.
137 2602 1077 2666 Fernruf: 61 009. Drahtanschrift: schumann
144 2657 492 2710 Gründung: 1900.
142 2673 1304 2753 Fabrikationsprogramm: Säulebohrmaschinen, Holzdreh-
144 2737 277 2792 bänke.
142 2774 630 2838 Kapital: RM 160 000.—.
146 2799 1306 2877 Gesellschafter: Ernst Schumann sen., Georg u. Oscar
142 2861 357 2918 Schumann.
142 2886 1306 2964 Geschäftsführer: Ernst Schumann sen., Georg Schu-
144 2948 270 3001 mann.
142 2978 1306 3044 Bankverbindungen: Dresdner Bank, Leipzig; Girokasse,
146 3033 373 3088 Engelsdorf.
142 3065 857 3125 Postscheck-Konto: 4877 Leipzig.
142 3115 740 3170 Geschäftsjahr: 1./1.—31./12.
142 3184 1116 3246 Grundbesitz: 4000 qm, davon 2700 qm bebaut.
146 3225 1308 3290 Anlagen: Fabrikationsräume mit Bearbeitungsmaschi-
146 3276 1214 3338 nen; Lager-, Versand-, Maler- und Werkzeugräume.
146 3317 1306 3377 Besondere Angaben: Die Gesellschaft wurde als Werk-
146 3361 1304 3420 statt mit einem Dreher, Schlosser u. einem Lehrling ge-
146 3402 1304 3466 gründet. Anfangs wurden Werkzeuge, Reparaturen u.
148 3438 1306 3503 Bauschlosserarbeiten ausgeführt, dann kamen Holzdreh-
148 3487 1308 3539 bänke hinzu. — 1903 wurde der Bau von Schnellbohr-
146 3521 1306 3585 maschinen aufgenommen. — 1911 Ankauf eines Grund-
153 3569 1306 3633 stückes, das im Laufe der Jahre erweitert werden mußte.
148 3619 1267 3697 Gefolgschaft: 84 Arbeiter u. Angestellte (nde 1936).
2488 3780 2598 3883 551
