2796 4176
241 385 1410 459 Haus- u. -Küchengeräte, Schnellkochtöpfe (Dampftöpfe);
241 431 1408 498 Speisetransportgefäße; Tropenkannen (isolierte Gefäße).
243 482 851 545 Inhaber: Georg Sindermann.
245 517 1304 589 Prokuristen: Arthur Sindermann, Martha Hummel.
243 559 1410 628 Bankverbindungen: Dresdner Bank, Glogau; Reichs-
245 614 510 672 bank, Sagan.
243 635 960 714 Postscheck-Konto: 3404 Breslau.
243 693 828 765 Geschäftsjahr: 1./9.—31./8.
243 737 1301 818 Grundbesitz: 27 500 qm, davon 10 753 qm bebaut.
245 791 1413 863 Anlagen: Stanz- u. Planierwerk, Emaillierwerk, Schlos-
248 837 1413 904 serei, Dreherei, Klempnerei, Kupferschmiede, Verzinnerei.
245 879 1301 948 Eigene Vertretungen im Ausland: Auf Anfrage.
248 914 1413 995 Besondere Angaben: Das Unternehmen wurde durch
248 960 1413 1025 Obering. Fliegel gegründet u. infolge Krankheit desselben
248 1009 1322 1069 1910 von Georg Sindermann käuflich übernommen.
248 1048 1199 1113 Gefolgschaft: 320 Arbeiter u. 35 Angestellte.
250 1208 1276 1310 Singer Nähmaschinen Aktiengesell-
252 1303 459 1380 schaft,
250 1359 1044 1461 Berlin W 8, Kronenstr. 22.
252 1447 1290 1528 Fernruf: 16 50 95/98. Drahtanschrift: gersinger
257 1494 1424 1572 Gründung: 1895, die Aktiengesellschaft ist Rechtsnach-
255 1547 1283 1612 folgerin des Kaufmanns G. Neidlinger, Hamburg.
259 1586 1422 1656 Fabrikationsprogramm: Herstellung u. Vertrieb von
257 1626 1424 1700 Nähmaschinen für Haushalt, Gewerbe u. Industrie; Zu-
257 1679 1065 1742 behör- u. Ersatzteile. Elektromotoren.
259 1723 807 1784 Kapital: RM 12 000 000.—
264 1739 1429 1821 Vorstand: Dir. W. Starcke, Wittenberge; Dir. E. Rein-
259 1809 837 1865 hart, Dir. R. Poppe, Berlin
262 1825 1427 1907 Prokuristen: A. Thiemer, A. Menzel, Dr. Melle, Witten-
259 1890 740 1951 berge; A. Ober, Berlin.
262 1913 1427 1995 Aufsichtsrat: Vors.: Senator a. D. Dr. Paul de Cha-
264 1976 703 2036 peaurouge, Hamburg.
262 1999 1427 2081 Bankverbindungen: Deutsche Bank u. Disconto-Ges.,
262 2050 1427 2118 Commerz- u. Privat-Bank A.-G., Preußische Staatsbank
264 2104 721 2166 (Seehandlung), Berlin.
264 2132 951 2206 Postscheck-Konto: 8439 Berlin.
262 2187 865 2257 Geschäftsjahr: 1./1.—31./12.
264 2234 1431 2310 Anlagen: Die gesamten Fabrikationsanlagen einschließ-
264 2285 1427 2352 lich Gießerei für die Herstellung von Nähmaschinen
264 2326 1429 2391 usw. in Wittenberge, Bez. Potsdam, ebenso eine Nadel-
266 2366 1427 2436 fabrik in Würselen bei Aachen, sind Eigenbesitz der
264 2410 1431 2482 Firma. — Grund- u. Hausbesitz in verschiedenen Städten
266 2447 1431 2528 des Reiches, in denen Niederlassungen unterhalten
269 2505 431 2565 werden.
266 2531 1392 2607 Eigene Vertretungen im Ausland: Wien, Budapest.
269 2572 1431 2647 Tochtergeselschaft: Firma Königs & Bücklers, G. m.
269 2628 932 2691 b. H., Dülken (Garnfabrikation).
269 2654 1431 2739 Besondere Angaben: Die A.-G. ist hervorgegangen aus
269 2707 1431 2770 der Firma Georg Neidlinger, Hamburg, welche die Fa-
266 2746 1429 2814 brikate der „The Singer Manufakturing Company, New
269 2793 1429 2855 Jersey (U. S. A.)“, in Deutschland, dem östlichen Europa,
271 2835 1429 2904 in Asien u. Afrika vertrieb. Der Sitz war zunächst in
269 2872 1433 2946 Hamburg. er wurde 1916 nach Berlin verlegt. — 1916
273 2918 1433 2981 wurde die Nähmaschinenfabrik in Wittenberge, Bez.
273 2960 1433 3027 Potsdam, die bis dahin von der vorgenannten ameri-
271 2997 1436 3074 kanischen Firma betrieben wurde, käuflich übernommen.
271 3046 1433 3111 Der Betrieb dieser Fabrik wurde fortgesetzt u. die An-
271 3080 1436 3155 lagen im Laufe der Jahre bedeutend erweitert, so daß
273 3125 1436 3192 über 95% des Absatzes der A.-G. gedeckt werden können.
278 3171 1431 3229 — Ferner betreibt die A.-G. eine Nadelfabrik in Wür-
273 3213 1436 3278 selen bei Aachen. Im Laufe der Jahre wurde das Fabri-
271 3252 1438 3322 kationsprogramm wesentlich erweitert. — 1933 Über-
273 3296 1436 3366 nahme der „Spezialnähmaschinenfabrik James & Gut-
273 3333 1438 3408 mann, Berlin“. — 1935 konnte die Gefolgschaft um 300
276 3387 863 3454 Mitglieder vermehrt werden.
273 3421 1440 3484 Gefolgschaft: 1930 1931 1932 1933 1934 1935 1936
619 3463 1436 3544 9681 8431 7502 7066 7980 8000 8300
278 3475 535 3542 insgesamt
1540 389 1684 447 Sistig
1540 419 2387 505 siehe Maschinenfabrik Wilh. Niehaus
1538 556 2373 644 Leo Sistig Maschinenfabrik,
1540 628 2422 726 Krefeld, Gladbacher Str. 326.
1540 721 2529 784 Fernruf: 25 689/90. Drahtanschrift: leo sistig
1543 770 1907 828 Gründung: 1882.
1543 802 2698 874 Fabrikationsprogramm: Färberei- u. Appreturmaschi-
1543 846 2693 914 nen für seidene, halbseidene u. kunstseidene Gewebe.
1547 888 2696 960 Ausrüstungsmaschinen für Samt u. Plüsch. Scheer-
1545 932 2698 1002 maschinen, Bandschneidemaschinen. Schlichtmaschinen
1545 981 2009 1044 für Kunstseidenketten.
1547 1020 2232 1078 Inhaber: Alfons Sistig, Krefeld.
1547 1055 2471 1122 Prokuristen: Otto Feldges, Heinr. Erkelenz.
1547 1097 2696 1169 Bankverbindung: Commerz- u. Privat-Bank A.-G.
1547 1153 1721 1208 Krefeld.
1549 1185 2239 1250 Postscheck-Konto: 21 678 Köln.
1547 1234 2134 1289 Geschäftjahr: 1./1.—31./12.
1549 1285 2703 1359 Anlagen: Maschinenbau-Werkstätten mit den erforder-
1552 1340 2021 1403 lichen Nebenbetrieben.
1549 1380 2148 1450 Gefolgschaft: 70 Mitglieder.
1552 1517 2682 1614 Slesazeck Ultra Maschinen G. m. b. H.,
1549 1591 2693 1681 Berlin-Reinickendorf-West, Klixstr. 24.
1552 1691 1949 1751 Fernruf: 49 59 35.
1552 1825 2473 1918 F. L. Smidth & Co. G. m. b. H.,
1552 1900 2440 1988 Lübeck, Geniner Str. 133/135.
1554 1988 2554 2060 Fernruf: 23 286/87. Drahtanschrift: folasmidth
1556 2041 1911 2101 Gründung: 1909
1559 2067 2712 2150 Fabrikationsprogramm: Vollständige Einrichtungen für
1559 2127 1886 2185 Zementfabriken.
1559 2162 2413 2222 Geschäftsführer: J. P. Jensen, Lübeck.
1561 2204 2468 2271 Bankverbindung: Commerz-Bank, Lübeck.
1556 2248 2160 2308 Geschäftsjahr: 1./1.—31./12.
1556 2308 2591 2371 Grundbesitz: 18 251 qm, davon 5706 qm bebaut.
1561 2347 2712 2419 Anlagen: Maschinenbauwerkstatt u. Schmiede. Kaufm.
1561 2401 1881 2461 u. techn. Büro.
1563 2510 2027 2570 Smoschewer & Co.
1566 2545 2327 2621 siehe Ges. f. Feldbahn-Industrie
1563 2661 1898 2726 Gebr. Sochule
1563 2698 2046 2777 siehe Waagenfabrik
1559 2823 2364 2927 Fr. Soeding, Klöppelfabrik,
1563 2904 2162 2992 Gevelsberg i. Westf.
1568 2978 2494 3060 Fernruf: 2686. Drahtanschrift: fr. soeding
1568 3041 1928 3099 Gründung: 1871.
1568 3057 2721 3148 Fabrikationsprogramm: Zubehörteile für Textilmaschi-
1570 3118 2271 3183 nen; Klöppel für Flechtmaschinen.
1566 3148 2649 3234 Bankverbindung: Sparkasse der Stadt Gevelsberg.
1568 3210 2719 3303 Eigene Vertretung in Berlin: Reinhard Wuppermann,
1570 3275 2185 3331 Bln.-Tempelhof, Arnulfstr. 71.
273 3614 696 3688 Sirius G. m. b. H.
273 3670 730 3744 siehe Autogenwerk
1568 3408 1951 3479 Hermann Söffge
1573 3461 2394 3542 siehe Druckregler- u. Apparatebau
273 3851 389 3934 566
1573 3595 2069 3670 Söflingen G. m. b. H.
1573 3651 2155 3737 siehe Geldschrankfabrik
238 241 772 317 Singer — Söflingen
