2796 4176
285 287 747 366 Adler — Adrema
280 426 1447 503 Anlagen: Gepachtet sind 3160 qm mit 2500 qm bebauter
283 470 1443 540 Fläche; gesamte Nutzfläche: 3210 qm. — Schlosserei, Dre-
285 522 1037 582 herei, Stanzerei, Schleiferei, Malerei.
283 554 1443 624 Besondere Angaben: Die Firma ist im Jahre 1833 ge-
285 600 1443 668 gründet worden und befindet sich seit dem Jahre 1931 in
283 640 1443 712 Liquidation. Die Höhe des Kapitals (RM 500 000.—) und
285 686 1447 744 die Gesellschafterrechte hieraus haben nur noch formelle
283 721 1436 791 Bedeutung. Praktisch beträgt das Kapital RM 50 000.—.
285 767 1447 825 das hauptsächlich einigen Großgläubigern zusteht. Die
285 809 1113 879 Erhaltung des Betriebes ist beabsichtigt.
285 849 1188 921 Gefolgschaft: 80 Arbeiter und Angestellte.
287 990 1083 1085 Adler-Maschinenbau K.-G.
287 1071 670 1150 A. Schwefer,
292 1127 1387 1231 Witten (Ruhr), Horst-Wessel-Str. 52.
290 1213 1201 1296 Fernruf: 1828. Drahtanschrift: adlerwerk
294 1276 649 1334 Gründung: 1935.
292 1303 1457 1382 Fabrikationsprogramm: Aufschnitt- u. Käse-Schneide-
297 1364 524 1417 maschinen.
292 1396 967 1456 Komplementär: Aug. Schwefer.
294 1438 853 1505 Prokurist: Fritz Schwefer.
294 1473 1452 1542 Bankverbindungen: Commerz- u. Privat-Bank A.-G.,
294 1524 781 1586 Stadtsparkasse, Witten.
294 1556 1081 1628 Postscheck-Konto: 35 628 Dortmund.
297 1605 888 1665 Geschäftsjahr: 1./1.—31./12.
294 1637 1246 1716 Grundbesitz: 5800 qm, davon 1200 qm bebaut.
1570 422 2724 480 Büromaschinen, Buchungsmaschinen, Schreibmaschinen
1580 468 2306 528 mit Stoßstangen u. Schwinghebeln.
1575 510 2127 568 Kapital: RM 15 000 000.—
1580 547 2721 610 Vorstand: Dir. Ernst Hagemeier, Dir. Johannes Jaddatz,
1575 593 2719 651 Dir. Otto Basson, Dir. Erwin Klever, Frankfurt (Main)
1577 635 2721 698 Aufsichtsrat: Vors.: Dr. Ernst Busemann (Gen.-Dir. der
1577 677 2719 735 Deutsche Gold- u. Silber-Scheideanstalt vorm. Roeßler)
1577 719 2721 774 Frankfurt (Main); Stellv.: Carl Goetz (Vorstandsmit-
1580 760 2266 823 glied der Dresdner Bank), Berlin.
1580 795 2721 863 Bankverbindungen: Dresdner Bank, Frankfurt a. M.
1580 844 2457 904 Berlin, Köln; Bankhaus J. H. Stein, Köln.
1577 888 2406 944 Postscheck-Konto: 446 Frankfurt a. M.
1577 930 2178 992 Geschäftsjahr: 1./1.—31./12.
1577 981 2656 1048 Grundbesitz: 111 561 qm, davon 77 815 qm bebaut.
1580 1027 2724 1099 Anlagen: Werk I: Mechanische Werkstätten für Auto-
1580 1074 2724 1134 mobilmotoren, Fahrräder, Schreibmaschinen u. sonstige
1582 1113 2724 1178 Fabrikation. Gleisanschluß. — Werk II: Montageabtei-
1580 1155 2726 1218 lungen für Motorwagen, Ersatzteile u. Karosserie-Fabri-
1582 1199 2726 1264 kation, Preßwerk- u. Schmiede, Automobilreparatur.
1580 1241 2677 1299 Gleisanschlus. — Werk IV: Automobilfertigmontage.
1582 1282 2547 1343 Eigene Vertretung in Berlin: Auf Anfrage.
1582 1324 2635 1385 Eigene Vertretungen im Ausland: Auf Anfrage.
1584 1366 2731 1431 Beteiligung: Selbstfahrer-Union G. m. b. H., Ham-
1584 1415 1828 1473 burg (30 %).
1587 1445 2731 1510 Besondere Angaben: Die Gesellschaft ist aus der von
1584 1489 2728 1556 Heinrich Kleyer 1880 gegründeten Maschinen- u. Veloci-
1587 1531 2731 1596 ped-Handlung hervorgegangen. Seine ersten Fahrräder
1587 1570 2731 1633 (1881/85) ließ Heinrich Kleyer in einer Frankfurter Ma-
1589 1614 2728 1675 schinenfabrik herstellen. — 1886 begann er nach eigener
1587 1654 2731 1723 Ideen mit der Selbstfabrikation. — 1889 Errichtung einer
1589 1693 2726 1760 zunächst für 600 Arbeiter berechneten Fabrik. — 1890
1587 1742 2731 1804 Bau von Schreibmaschinen. — 1900 wurde der Bau von
1589 1781 2731 1851 Automobilen aufgenommen. Die Werkseinrichtungen
1589 1821 2731 1888 entsprechen dem Stande neuzeitlicher Betriebstechnik
1589 1862 2731 1927 Der Aufschwung der gesamten deutschen Wirtschaft
1589 1902 2731 1967 1934 wirkte sich bei der Gesellschaft in einer Erhöhung
1589 1951 2731 2006 des Umsatzes um ca. 35% gegenüber dem Vorjahr aus
1591 1988 2731 2048 — 1935 Durchführung von Verbesserungen u. Ergän.
1589 2034 2731 2092 zungen des Maschinenparks u. der Fabrikeinrichtungen
1591 2074 2733 2139 Der stückmäßige Absatz ist im Vergleich zum Vorjahre
1594 2115 2733 2176 im Inlande um 58% u. im Auslande um 157% gestiegen
1589 2152 2735 2224 Gefolgschaft: 1931 1932 1933 1934 1935 1936
1944 2194 2733 2250 3200 3319 5206 6413 6635 683
1596 2208 1840 2264 insgesamt
1591 2234 2737 2315 Umsatz (Mill. RM) 38,50 30,75 47,75 64,25 83,30 80,
294 1781 654 1849 Adler & Dreier
297 1823 1259 1911 siehe Osnabrücker Masch.- u. Aufzugsbau
294 1969 1299 2060 Adler & Hentzen Maschinenfabrik,
294 2048 976 2146 Coswig (Bez. Dresden).
297 2115 1464 2210 Fernruf: Dresden 71 273. Drahtanschrift: adlerhentzen
299 2185 638 2245 coswigbzdresden
301 2224 668 2285 Gründung: 1910.
301 2248 1466 2326 Fabrikationsprogramm: Salineneinrichtungen; Feue-
301 2306 937 2371 rungsanlagen; Nahfördermittel.
303 2343 1257 2410 Inhaber: Ing. Emil Adler, Ing. Ferd. Hentzen.
301 2373 1468 2454 Bankverbindungen: Reichsbank, Allgemeine Deutsche
301 2433 798 2489 Credit-Anstalt, Dresden.
301 2463 1055 2538 Postscheck-Konto: 32 075 Dresden.
301 2514 904 2575 Geschäftsjahr: 1./1.—31./12.
301 2563 1294 2635 Grundbesitz: 18 000 qm, davon 2600 qm bebaut.
303 2603 1468 2677 Anlagen: Werkstatt für Maschinenbau u. Blechbearbei-
303 2654 1394 2721 tung, Schweißerei, Holzbearbeitung, Modelltischlerei.
306 2691 1473 2763 Tochtergesellschaften: Arminius GmbH., Coswig Bez.
306 2742 1252 2802 Dresden (Herstellung von Eisenbahn-Material).
308 2779 1471 2846 Besondere Angaben: Gegründet als Spezialfabrik für
306 2821 1466 2890 Feuerungsanlagen. Spezialität: Bau von Wurfbeschickern
310 2858 1468 2927 — Bauart Seyboth. 1924 Aufnahme des Baues von mecha-
306 2904 1468 2974 nischen Rosten. 1925 Aufnahme des Baues von Salinen-
310 2946 1468 3020 Einrichtungen und Apparaten zur Erzeugung u. Raffi-
308 2990 1468 3057 nation von Chlornatrium u. ähnlichen Salzen. Raffi-
310 3027 1468 3104 nationsanlagen für Meersalz. 1930 Aufnahme des Baues
313 3074 1468 3150 von Nahfördermitteln (Leichtkonstruktion aus Stahl-
315 3127 443 3183 rohr).
310 3152 839 3231 Gefolgschaft: 110 Mann.
1594 2366 2645 2456 Adrema Maschinenbauges. m. b. H.,
1594 2440 2591 2528 Berlin NW 87, Gotzkowskystr. 20
1596 2533 2517 2593 Fernruf: 39 55 11. Drahtanschrift: adrema
1596 2579 1956 2637 Gründung: 1913.
1598 2607 2737 2681 Fabrikationsprogramm: Adressier-Maschinen, Präge
1598 2654 2740 2723 maschinen, Adrema-Platten. Adressierende Vervielfälti-
1601 2707 1953 2765 gungs-Maschinen.
1601 2737 2120 2802 Kapital: RM 1 000 000.—
1598 2767 2742 2844 Großanteileigner: Mercedes Büromaschinen-Werke A-
1601 2830 1939 2886 G., Zella-Mehlis.
1601 2862 2410 2925 Geschäftsführer: B. Reutter, J. Krell.
1603 2904 2570 2967 Prokuristen: H. Heck, H. K. von Winterfeldt.
1603 2944 2696 3009 Bankverbindungen: Reichsbankgirokonto, Dresdner
1603 2995 1874 3053 Bank, Berlin.
1605 3034 2313 3092 Postscheck-Konto: 16 531 Berlin.
1601 3076 2220 3138 Geschäftsjahr: 1./11.—31./10.
1603 3120 2747 3196 Grundbesitz: 1938 qm, davon 1247 qm bebaut; gepachtet
1605 3180 2547 3241 sind 2400 qm; gesamte Nutzfläche: 11 000 qm.
1605 3224 2167 3285 Anlagen: Maschinenfabrik.
1605 3252 2747 3322 Geschäftsstellen in Deutschland: eigene Filialen in
1607 3305 2582 3368 Breslau, Frankfurt/Main, Hannover u. Leipzig.
1605 3338 2747 3405 Generalvertretungen: in Bremen, Danzig, Düsseldorf,
1607 3387 2747 3447 Erfurt, Hamburg, Königsberg/Pr., Magdeburg, München,
1607 3433 2524 3491 Nürnberg, Saarbrücken, Stettin u. Stuttgart.
1607 3468 2749 3537 Das Auslandsgeschäft wird wahrgenommen von der
1607 3507 2747 3570 Tochtergesellschaft: Adrema Export G. m. b. H., Berlin
1610 3556 2169 3616 NW 87, Alt Moabit 62/63.
1605 3586 2749 3656 Generalvertretungen im Ausland: Argentinien (Buenos-
1610 3630 2740 3700 Aires), Australien (Melbourne), Brasilien (Rio de Janeiro
1607 3670 2737 3758 Bulgarien (Sofia), Ceylon (Colombo), Chile (Valparaiso
310 3305 661 3384 Adlerwerke
315 3368 1190 3454 vorm. Heinrich Kleyer A.-G.,
313 3442 1211 3531 Frankfurt a. M., Kleyerstr. 17.
317 3514 1482 3595 Fernruf: 70 251 u. 70 111. Drahtanschrift: adlerwerke
317 3575 1009 3637 Gründung: 1880; seit 1895 A.-G.
320 3612 1480 3679 Fabrikationsprogramm: Herstellung von Kraftfahr-
320 3647 1478 3716 zeugen, Automobilen, Last- u. Lieferwagen, Fahrräder
320 3691 1473 3774 u. Motorfahrräder; Maschinen; Apparate; Werkzeuge. —
317 3881 408 3969 20
