2796 4124
112 348 1267 410 stätte. — Pachtgrundstücke: Fabrik in Berlin-Rudow;
114 391 1269 451 Läger in: Breslau, Frankfurt a. M., Karlsruhe, Köln, Kö-
116 435 946 492 nigsberg, Leipzig, Magdeburg, München.
112 476 1180 531 Eigene Vertretungen im Ausland: Auf Anfrage.
114 515 1271 572 Besondere Angaben: Die verhältnismäßig günstige Ent-
114 561 1269 623 wicklung, die das Unternehmen in den vergangenen
112 602 1120 669 Jahren zu verzeichnen hatte, hat sich fortgesetzt.
112 751 891 827 Dolmar Maschinen-Fabrik
110 813 1033 904 Dipl.-Ing. A. Lange u. E. Lerp,
110 886 1216 976 Altona-Bahrenfeld, Waidmannstr. 16.
112 971 1271 1037 Fernruf: 43 55 56/57. Drahtanschrift: dolmar hamburg
112 1019 462 1076 Gründung: 1930.
114 1058 1271 1115 Fabrikationsprogramm: Motorkettensägen u. Zubehör
114 1102 1269 1166 (Handmotorkettensägen zum Baumfällen und Abkürzen).
116 1138 566 1202 Kapital: RM 300 000.—
112 1186 1271 1250 Inhaber: Dipl.-Ing. Alfonso Lange, Altona-Hochkamp;
114 1225 630 1285 Emil Lerp, Altona-Rissen,
114 1264 1184 1324 Prokuristen: Ing. Martin Senftleben, Otto Weimann.
112 1303 1267 1376 Bankverbindungen: Deutsche Bank u. Disconto-Ges.,
116 1351 520 1411 Reichsbank, Altona.
112 1388 845 1450 Postscheck-Konto: 9593 Hamburg.
112 1438 703 1496 Geschäftsjahr: 1./1.—31./12.
110 1502 1267 1573 Eigene Vertretung in Berlin: H. M. Siebs, Dahlewitz,
114 1546 343 1603 Kr. Teltow.
112 1580 1228 1656 Eigene Vertretungen im Ausland: in verschiedenen
116 1633 288 1690 Ländern.
112 1672 1265 1736 Besondere Angaben: Die Firma wurde als G. m. b. H.
116 1711 1262 1777 im Oktober 1930 gegründet und am 1. Nov. 1930 in das
112 1754 1262 1821 Handelsregister Hamburg eingetragen. — 1932 wurde der
119 1796 1251 1864 Sitz der Firma von Hamburg nach Altona verlegt. —
114 1842 1262 1910 1935 wurde die Fa. in eine o. H. umgewandelt und als
112 1885 1171 1947 solche in das Handelsregister Altona eingetragen.
112 1919 925 1984 Ein Teil der Erzeugung wird exportiert.
112 1968 1265 2034 Gefolgschaft: 110 Angestellte und Arbeiter (einschl.
116 2011 373 2078 7 Lehrlinge).
1395 355 1695 419 Donauwörth
1400 410 1920 481 siehe Maschinenfabrik
1395 559 1730 655 Fritz Dopp
1398 636 2268 730 Maschinen- & Waagenfabrik,
1398 710 2287 788 Berlin N 4, Eichendorffstr. 20.
1398 785 2275 856 Fernruf: 41 01 85. Drahtanschrift: dopp
1404 843 1769 900 Gründung: 1931.
1400 877 2559 939 Fabrikationsprogramm: Schnell-, Zähl- u. Großwaagen.
1402 923 1943 982 Inhaber: Ing. Fritz Dopp.
1400 964 2559 1028 Bankverbindung: Commerz- u. Privat-Bank A.-G., Berlin.
1400 1005 2106 1063 Postscheck-Konto: 29 646 Berlin.
1400 1051 2030 1106 Geschäftsjahr: Kalenderjahr.
1398 1111 2559 1182 Besondere Angaben: Die Firma entstand durch Uber-
1398 1170 2557 1225 nahme des 1864 gegründeten Stammbetriebes der Firma
1398 1211 1920 1269 Gebr. Dopp A.-G. Berlin.
1395 1376 2509 1466 Gebr. Dopp Maschinen- und Waagen-
1393 1445 1789 1530 fabrik A.-G.,
1393 1516 2491 1615 Bln.-Köpenick, Wendenschloßstr. 94.
1398 1603 1787 1667 Fernruf: 64 07 07.
1398 1649 2094 1704 Gründung: 1864; seit 1921 A.-G.
1400 1686 2557 1754 Fabrikationsprogramm: Waagen aller Art (vollautom.
1398 1729 2555 1791 Neigungswaagen, Verbund-Neigungswaagen, Schalt-Nei-
1398 1777 2555 1837 gungswaagen, Laufgewichts-Waagen, Federwaagen für
1398 1819 2557 1874 Eisenbahn u. Postgebrauch, Fuhrwerks- u. Gleiswaagen).
1398 1862 1854 1915 Kapital: RM 50 000.—
1402 1894 2518 1961 Aufsichtsrat: Vors.: Dr. Eduard Endell, Bln.-Steglitz.
1398 1942 2557 2011 Bankverbindung: Commerz- u. Privat-Bank A.-G., Bln.-
1402 1984 1606 2043 Köpenick.
1398 2018 2113 2087 Postscheck-Konto: 21 496 Berlin.
1393 2071 2023 2135 Geschäftsjahr: Kalenderjahr.
1393 2128 2557 2204 Grundbesitz: 10 956 qm, davon 1797 qm bebaut; gesamte
1400 2188 1787 2247 Nutzfläche: 550 qm.
1398 2229 2557 2295 Anlagen: Schmiede, elektr. u. autogene Schweißanlagen,
1398 2275 1980 2330 Dreherei u. Fräswerkstätten.
1398 2314 2555 2373 Gefolgschaft: 22 Arbeiter (davon 4 Lehrlinge) u. 6 An-
1398 2355 2005 2417 gestellte (davon 2 Lehrlinge).
2108 201 2559 274 Dolmar — Dorn
105 2160 886 2240 Dolze & Slotta G. m. b. H.
110 2220 893 2307 Werkzeugmaschinenfabrik,
105 2295 1267 2387 Coswig (Bez. Dresden), Wilhelmstr. 13.
107 2380 1265 2462 Fernruf: Dresden 71 357. Drahtanschrift: dolzeslotta
110 2437 465 2495 Gründung: 1904.
110 2472 1265 2543 Fabfikationsprogramm: Drehbänke aller Art. Räu-
110 2517 1262 2593 maschinen DSN u. Räuwerkzeuge für eigene u. fremde
114 2561 316 2621 Maschinen,
110 2598 1265 2673 Bankverbindungen: Reichsbank Meißen; Deutsche
112 2641 754 2705 Bank u. Disconto-Ges., Meißen.
105 2687 889 2760 Postscheck-Konto: 112 603 Dresden.
1207 2692 1253 2763 &
105 2827 1118 2925 Alfred Donat vorm. Wilh. Köhler,
103 2900 831 2994 Eisen- u. Metallgießerei,
105 2973 813 3070 Guben 3, Berlinerstr. 7.
105 3060 414 3131 Fernruf: 3083.
107 3118 458 3182 Gründung: 1935.
105 3154 1260 3219 Fabrikationsprogramm: Eisen- u. Metallguß. Speziali-
105 3200 1258 3260 tät: Gußeiserne Riemenscheiben in allen Größen, Trans-
105 3246 1260 3303 missionsanlagen, Zahnräder u. Getriebe, Stubbenrode-
105 3283 316 3340 maschinen.
105 3317 1258 3393 Bankverbindung: Commerz- u. Privat-Bank A.-G.,
103 3367 238 3422 Guben.
100 3404 850 3477 Postscheck-Konto: 173 119 Berlin.
1184 3406 1253 3484 x
103 3473 1258 3548 Besondere Angaben: 1837 gegründet unter der Firma
110 3526 1251 3592 Gustav Schrebbler; 1838 uübernommen von Heinz & Co.;
105 3567 1255 3640 von 1889 bis 1935 unter Wilhelm Köhler; ab 1935 Alfred
103 3606 662 3690 Donat vorm. Wilh. Köhler.
1393 2511 1737 2600 Karl Dorn,
1388 2586 2555 2673 Spezialfabrik autom. Teigteilmaschinen,
1391 2662 2133 2753 Halle-Saale-Rosengarten.
1388 2749 1739 2806 Fernruf: 23 872.
1395 2790 2351 2850 Drahtanschrift: dorn rosengarten halle saale
1391 2834 1753 2889 Gründung: 1922.
1391 2870 2553 2932 Fabrikationsprogramm: automatische Wirk-Teil und
1391 2912 2550 2973 Langrollmaschine für Großbäckereien und Brotfabriken.
1393 2960 1821 3015 Inhaber: Karl Dorn.
1391 2999 2553 3065 Bankverbindung: Gewerbe- u Handelsbank A.-G., Halle
1393 3047 1546 3097 (Saale).
1391 3076 2122 3141 Postscheck-Konto: 80 650 Leipzig.
1386 3122 1986 3191 Geschäftsjahr: 1./1.—31./12.
1386 3189 2550 3269 Grundbesitz: 1650 qm, davon 400 qm bebaut; gesamte
1393 3241 1778 3303 Nutzfläche: 800 qm.
1388 3285 2553 3342 Anlagen: Fabrikationsraum, Schmiede, Lager- u. Lackier-
1388 3328 1746 3388 raum; kfm. Büro.
1391 3372 2550 3425 Besondere Angaben: Inhaber erfand 1925 eine wesent-
1388 3409 2548 3464 lich einfachere automatische Brotteigabwiege- und Lang-
1391 3454 2550 3507 rollmaschine. Die Maschine führte sich unter dem ge-
1388 3493 2548 3548 schützten Namen „Dornia“ in Brotfabriken u. Großbäcke-
1388 3537 2550 3597 reien gut ein. Auslandslieferungen etwa 20 % des Um-
1388 3578 1524 3635 satzes.
1386 3624 2548 3700 Gefolgschaft: 13 Gesellen (5 Lehrlinge) u. 3 Angestellte.
110 3805 790 3878 9 Maschinen-Industrie 1937
2447 3807 2555 3897 129
