2796 4124
128 341 1285 403 Nordspanien in Form einer Beteiligung an den Eisen-
128 380 1285 444 steingruben der „Orconera Iron Ore Company Ltd.“ bei
130 428 1283 483 Bilbao. — 1893 Erwerbung des Grusonwerkes, Magde-
128 460 1283 529 burg-Buckau. — 1897 Inbetriebnahme der ersten Hoch-
128 510 1281 563 ofenanlage in Rheinhausen. — 1902 Ankauf der Ger-
128 556 1283 614 maniawerft, Kiel-Gaarden. — 1928 wurde an die Ver-
128 595 1278 657 einigte Stahlwerke A.-G. das Werksgelände der ehemali-
130 630 1283 696 gen Johanneshütte/Niederrh. abgetreten; als Gegenwert
128 680 1281 740 erhielt die Gesellschaft 500 Kuxe der Gewerkschaft
132 723 1281 781 Emscher-Lippe, der sie zur alleinigen Besitzerin dieser
130 767 1281 822 Zeche machte. Im selben Jahre wurde die Aktienmehr-
130 808 1281 859 heit der Norddeutschen Hütte A.-G. erworben. Die in
130 845 1278 904 Südrußland am Manytsch gelegene Pachtung ist nach
132 891 1281 948 Verständigung mit der russischen Regierung in eine
130 937 1278 989 neu gegründete russisch-deutsche Gesellschaft ein-
128 973 1278 1028 gebracht worden. — 1929 Inbetriebnahme des neuen
128 1012 1276 1076 Hochofenwerkes Borbeck. — 1930 Übernahme der
130 1060 1278 1115 Aktienmehrheit der Deutschen Last-Automobil-Fabrik
128 1102 1278 1154 A.-G., Ratingen, deren Betriebe inzwischen stillgelegt
128 1143 1278 1195 wurden. Die Gesellschaft entschloß sich, den Wagenbau
126 1179 1278 1237 zugunsten der Linke-Hofmann-Busch-Werke A.-G. aufzu-
130 1228 1278 1287 geben und übernahm gemeinsam mit der Fa. Henschel
128 1266 1276 1319 & Sohn die Lokomotivquote der genannten Firma. —
128 1308 1278 1365 1933/34 Aufgabe der Herstellung von Registrierkassen
130 1351 1278 1404 und ähnlichen Maschinen. Vom Kapital der „National-
128 1388 1276 1459 Krupp Registrier-Kassen G. m. b. H.“ übernahm Krupp
132 1438 217 1496 20 %.
132 1477 474 1532 Gefolgschaft:
607 1470 1281 1537 1933/34 1934/35 1935/36
132 1519 343 1583 insgesamt
650 1519 1267 1583 75 240 91 507 98 341
1411 348 2385 430 Fried. Krupp Grusonwerk A.-G.,
1416 414 2433 504 Magdeburg-Buckau, Marienstr. 20.
1414 492 2406 563 Fernruf: 42 351. Drahtanschrift: grusonwerk
1416 542 2099 602 Gründung: 1855; seit 1886 A.-G.
1416 586 2575 650 Fabrikationsprogramm: Hartzerkleinerungsmaschinen;
1418 623 2575 687 Einrichtungen für Schotterwerke, Zement-, Kalk- u. Gips-
1416 671 2575 728 werke; Zerkleinerungs-, Sieb- u. Mischanlagen für che-
1416 712 2573 781 mische Werke; Aufbereitungsanlagen für Erze, Kohle,
1416 753 2573 817 Salze; Metallhütteneinrichtungen, Walzwerke für Eisen,
1418 792 2573 854 Stahl, Metalle u. Legierungen, Kaltwalzmaschinen für
1416 838 2575 898 Stahl, Eisen u. Metallbänder; Metallpressen; Maschinen
1414 882 2573 946 für Kabel-, Gummi-, Linoleumwerke; Maschinen zum
1414 921 2573 982 Gewinnen von Pflanzenölen; Kolonialmaschinen; Krane,
1414 962 2573 1028 Einrichtungen für Schleusen u. Wehre; Hartgußwalzen,
1414 998 2571 1079 Räder u. Radsätze; Grauguß, Hartguß, Stahlformguß;
1414 1044 1624 1104 Hartstahl.
1414 1085 1964 1150 Kapital: RM 10 000 000.—.
1418 1129 2573 1191 Vorstand: Dr. ing., Dr. ing. e. h. Arno Grießmann.
1416 1168 2571 1239 Stellv. Vorstandsmitglieder: Carl Kobitzsch, Dr. ing.
1414 1211 2424 1273 Friedrich Mehner, Dipl.-Ing. Friedrich Tillmannn.
1411 1255 2571 1317 Prokuristen: Paul Albert, Johannes Bator, Bergassessor
1414 1296 2569 1365 Paul Bodenstein, Josef Brüggemann, Willy Düsterhöft,
1411 1338 2571 1397 Bruno Hetschel, Dr. ing. Friedrich Johannsen, Fritz
1416 1379 2569 1450 Mertz, Karl Mittag, Paul Neumann, Dr. ing. Gotthilf Ott,
1411 1422 2569 1486 Dr. ing. Heinrich Resow, Herbert Riedel, Otto Schaefer,
1411 1464 2571 1537 Peter Schaefer, Alfred Schmid, Michael Terres, Oskar
1416 1505 2142 1573 Tübben, Dipl.-Ing. Paul Wieghardt.
1411 1553 2571 1615 Aufsichtrat: Dr. Gustav Krupp v. Bohlen und Halbach,
1414 1594 1824 1651 Essen, Vorsitzender.
1409 1626 2573 1700 Bankverbindungen: Dresdner Bank, Reichsbankgiro-
1409 1672 2571 1745 konto, Commerz- u. Privat-Bank A.-G., Magdeburg;
1409 1713 2229 1775 Reichs-Kredit-Gesellschaft A.-G., Berlin.
1409 1754 2186 1823 Postscheck-Konto: 1149 Magdeburg.
1409 1807 2005 1862 Geschäftsjahr: 1./10.—30./9.
1407 1855 2511 1924 Grundbesitz: 1 135 535 qm, davon 231 895 qm bebaut.
1409 1913 2566 1974 Anlagen: Mechanische Werkstätten, Eisen- u. Stahl-
1409 1949 2569 2011 gießerei, Versuchsanstalten für Zerkleinerung, Auf-
1414 1990 1929 2045 bereitung u. Verhüttung.
1407 2036 2569 2103 Eigene Vertretung in Berlin: F. Janssen, W 9, Belle-
1411 2075 1734 2135 vuestr. 16—18a.
1407 2110 2569 2176 Eigene Vertretungen im Ausland: Tokio, Technisch
1407 2160 2564 2224 Bureau Fried. Krupp Grusonwerk A.-G. voor Neder-
1404 2199 2248 2259 mandsch Indie, Batavia-Centrum (Java).
1404 2245 2564 2304 Besondere Angaben: Das Unternehmen wurde von Her-
1402 2284 2562 2352 mann Gruson als „Schiffswerft und Maschinenfabrik an
1409 2327 2559 2382 der Elbe, Magdeburg-Buckau“, gegründet. — 1893 An-
1404 2369 2562 2437 kauf des Werks durch F. A. Krupp in Essen und An-
1404 2407 2429 2472 derung der Firma in Fried. Krupp Grusonwerk.
1404 2449 2562 2511 Durch das Leistungsabzeichen der DAF als vorbild-
1402 2492 2562 2563 lich anerkannte Ausbildungsstätte (Lehrwerkstätten und
1404 2531 1895 2593 Werkschule) anerkannt.
119 1796 1157 1885 Fried. Krupp Germaniawerft A.-G.,
123 1876 538 1945 Kiel-Gaarden.
121 1956 1175 2013 Fernruf: 6400/11. Drahtanschrift: germaniawerft
123 2000 790 2059 Gründung: 1902; seit 1923 A.-G.
126 2041 1276 2100 Fabrikationsprogramm: Schiffsneubauten aller Art;
123 2080 1274 2153 Dieselmotoren; Dampfkessel; Schiffsturbinen, Wasser-
121 2121 637 2181 bremsen; Schiffspropeller.
126 2165 648 2229 Kapital: RM 7 500 000.—.
121 2208 1003 2275 Großaktionär: Fried. Krupp A.-G., Essen.
123 2245 1276 2307 Vorstand: Dir. Albert Schrödter, Dir. Prof. Kurt v. San-
121 2293 1187 2350 den, Gottlieb Jahn, Karl Oesten, Rudolf Wiederhold.
121 2336 1274 2398 Prokuristen: Christian Schmidt, Ernst Cords, Karl
123 2378 313 2433 Guthardt.
123 2410 1271 2474 Aufsichtsrat: Vors.: Dr. Krupp von Bohlen und Hal-
119 2453 1271 2524 bach, Essen-Hügel; Stellv.: Dir. Wilhelm Buschfeld (Fried.
121 2499 540 2559 Krupp A.-G.), Essen.
119 2538 1184 2609 Bankverbindung: Reichsbank, Essen, Kiel, Berlin.
119 2586 843 2646 Postscheck-Konto: 6100 Hamburg.
116 2625 710 2696 Geschäftsjahr: 1./10.—30./9.
123 2689 1198 2751 Grundbesitz: 1 247 000 qm, davon 154 000 qm bebaut.
123 2737 1271 2802 Anlagen: Schiffbauwerkstätten; Maschinenbauwerkstät-
119 2783 1269 2845 ten einschl. Dieselmotorenwerkstätten u. Kesselschmiede;
119 2820 689 2882 Gießerei u. Modelltischlerei.
119 2854 1269 2928 Eigene Vertretungen in Berlin: Obering. Karl Frevert,
121 2905 1226 2964 Berlin; Marine-Ob.-Baurat Müller, Bln.-Charlottenburg.
119 2946 1269 3015 Eigene Vertretungen im Ausland: In fast allen
119 2985 295 3047 Ländern.
119 3031 1269 3093 Besondere Angaben: 1923 Übernahme u. Fortbetrieb der
116 3074 1267 3134 der Fried. Krupp A.-G. in Essen gehörigen Schiffswerft
121 3118 1086 3173 u. Maschinenbauanstalt Germaniawerft in Kiel.
116 3157 1269 3216 Die allgemeine Wirtschaftsbelebung seit 1933 bringt ein
116 3205 1265 3262 starkes Anwachsen der Belegschaftsziffer mit sich, die
119 3237 570 3303 jetzt rd. 8000 beträgt.
116 3280 1265 3342 Der Auftragsbestand an Schiffen für ausländische Re ch-
119 3328 1262 3390 nung betrug Ende 1936 rd. 78 000t Tragf., an großen
116 3365 1265 3429 Krupp-Dieselmotoren rd. 70 000 PS. Entsprechende Auf-
119 3411 1129 3473 träge gelten auch für den übrigen Maschinenbau.
126 3448 1262 3519 Die Ausbildung der Lehrlinge (z. Zt. über 500 Lehr-
119 3491 1262 3560 linge) hat von jeher besondere Pflege erfahren. Die
119 3532 1262 3597 DAF hat der Germaniawerft das Leistungsabzeichen für
119 3578 1262 3654 vorbildliche Berufserziehungsstätten am 19. 1. 1937 ver-
116 3617 247 3695 liehen.
2078 192 2582 277 Krupp — Krusche
1400 2731 1838 2818 Robert Krups,
1398 2799 2365 2882 Solingen-Wald, Heresbachstr. 29.
1398 2877 2321 2937 Fernruf: 20 161/63. Drahtanschrift: krups
1402 2925 1766 2976 Gründung: 1846.
1402 2962 2555 3021 Fabrikationsprogramm: Selbsttätige Waagen, wie Fe-
1400 3003 2555 3065 derwaagen aller Art, Schnell- oder Neigungswaagen, Ta-
1400 3044 2555 3113 felwaagen, Personenwaagen, Gewichte, Spirituskocher,
1398 3086 1730 3145 Reibemaschinen.
1400 3122 2184 3193 Inhaber: Carl, Walter, Eugen Krups.
1400 3173 2555 3235 Bankverbindung: Deutsche Bank u. Disconto-Ges.,
1404 3221 1592 3273 Solingen.
1400 3253 2048 3317 Postscheck-Konto: 1565 Köln.
1398 3301 1966 3363 Geschäftsjahr: 1./7.—30./6.
1398 3365 2553 3436 Eigene Vertretung in Berlin: Robert Krups, SW 68,
1398 3409 1668 3477 Ritterstr. 76.
128 3821 825 3899 2 Maschinen-Industrie 1937
1395 3567 1998 3635 Dipl.-Ing. Friedr. Krusche
1395 3626 2000 3711 siehe Molkereikläranlagen
2445 3814 2553 3906 321
