2796 4176
204 259 1027 336 Daimler — Dampfbackofenbau
206 403 1378 470 luppen; komplette Walzenstraßen zum Auswalzen von
211 457 1373 522 Kupferdraht aus vierkantigen oder runden Knüppeln).
211 498 1331 566 Ferner: Umbau u. Modernisierung veralteter Anlagen.
208 545 795 603 Inhaber: Gustav Dahlhaus.
211 575 1375 642 Geschäftsführer: Gustav Dahlhaus, Gustav-Adolf Dahl-
211 633 322 689 haus.
211 651 965 730 Prokurist: Gustav-Adolf Dahlhaus.
211 702 1378 772 Bankverbindungen: Reichsbank, Deutsche Bank u. Dis-
211 749 1313 812 conto-Ges., Sparkasse der Stadt Iserlohn, Iserlohn.
208 798 805 851 Geschäftsjahr: 1./7.—30./6.
208 851 735 918 Grundbesitz: 10 000 qm.
213 881 1375 965 Anlagen: Maschinenfabrik, Eisengießerei, Modelltisch-
211 946 710 1002 lerei, Hammerschmiede.
215 983 1178 1048 Eigene Vertretung in Berlin: Auf Anfrage.
213 1025 1285 1092 Eigene Vertretungen im Ausland: Auf Anfrage.
211 1164 835 1248 Daimler-Benz A.-G.,
215 1238 958 1331 Stuttgart-Untertürkheim,
213 1310 814 1398 Mercedes-Straße 53.
218 1387 1011 1463 Fernruf: 30 141, 30 241, 31 141, 31 151.
218 1436 1143 1508 Drahtanschrift: daimlerbenz untertürkheim
220 1482 584 1547 Gründung: 1890.
215 1519 1387 1586 Fabrikationsprogramm: Personenkraftwagen, Lastkraft-
220 1563 1382 1628 wagen (Benzin- u. Dieselantrieb), Lieferungswagen, Spe-
218 1607 1382 1675 zialfahrzeuge aller Art wie Omnibusse, Sattelschlepper,
220 1651 1380 1714 Feuerwehrfahrzeuge, Kommunalfahrzeuge; Luftfahrt-
222 1688 1382 1751 Schiffs- und Bootsmotore, Triebwagenmotore, schnell und
220 1735 1380 1800 langsam laufende Dieselmotore für ortsfeste Verwendung.
222 1779 1030 1837 Spezial- und Großmotore, Rohölmotore.
222 1823 682 1881 Kapital: 26 172 000.—.
227 1849 1387 1918 Vorstand: Dir. Wolfgang von Hentig, Berlin; Dir. Dr.
225 1897 1382 1967 ing. Otto Hoppe, Dir. Dr. ing. e. c. Wilhelm Kissel, Dir.
222 1941 1385 2004 Carl Schippert, Stuttgart-Untertürkheim; Dir. Jakob Wer-
222 1983 1385 2050 lin, München; Stellv.: Dir. Dr. ing. Wilhelm Haspel, Dir.
227 2023 1385 2090 Max Sailer, Stuttgart-Untertürkheim; Dir. Arnold Frei-
225 2069 1389 2134 herr Gedult von Jungenfeld, Gaggenau; Dir. Carl C.,
227 2115 770 2178 Müller, Berlin-Marienfelde.
227 2143 1389 2217 Aufsichtsrat: Vors.: Dr. E. G. von Stauss, Staatsrat,
227 2192 1385 2259 Berlin; Stellv.: Hans Rummel, Vorstandsmitglied der
227 2236 1389 2299 Deutschen Bank u. Disconto-Ges., Berlin; Dr. Carl Jahr,
227 2285 781 2343 Kommerzienrat, Mannheim.
227 2313 1389 2387 Bankverbindungen: Deutsche Bank u. Disconto-Ges.,
225 2354 1392 2431 Commerz- u. Privat-Bank A.-G., Dresdner Bank, Bank
225 2403 1392 2473 der Deutschen Arbeit A.-G., Reichsbank-Giro-Konto,
227 2452 895 2507 Städtische Girokasse, Stuttgart.
227 2491 951 2554 Postscheck-Konto: 470 Stuttgart.
227 2533 853 2596 Geschäftsjahr: Kalenderjahr.
227 2582 1355 2656 Grundbesitz: 2 073 904 qm, davon 569 160 qm bebaut.
229 2630 1394 2698 Anlagen: Werke in: Stuttgart-Untertürkheim; Mann-
229 2679 1259 2742 heim; Gaggenau; Sindelfingen; Berlin-Marienfelde.
229 2721 1394 2786 Eigene Vertretung in Berlin: Daimler-Benz A.-G.,
232 2765 955 2830 Bln.-Charlottenburg 2, Salzufer 2/5
229 2804 1396 2867 Tochtergesellschaften: Mercedes-Benz Automobil-A.-G.,
232 2848 1396 2909 Zürich. — Mercedes-Benz Automobil-Gesellschaft m. b.
229 2886 1394 2958 H., Wien. — N. V. Mercedes-Benz Automobilmaatschap-
232 2930 1396 2995 pij, Amsterdam. — British Mercedes-Benz Ltd., London.
303 2971 1396 3032 Mercedes-Benz-Automobil-Aktien-Gesellschaft, Buda-
236 3016 1389 3078 pest. — Holzindustrie Bruchsal G. m. b. H., Bruchsal. —
236 3048 1396 3120 Industriewerke G. m. b. H., Leipzig, Leipzig. — Omnibus-
236 3094 1399 3157 Verkehrsgesellschaft m. b. H., Weimar. Weimar. — „Co-
234 3136 1208 3201 dra“ Companie des Diesel Rapides S. A., Paris.
238 3180 1403 3245 Verträge: In England, Frankreich, Italien, Ungarn und
236 3222 1206 3287 U. S. A. wurden Lizenzverträge abgeschlossen.
236 3264 1401 3336 Besondere Angaben: Gründung einer Privatfirma unter
236 3308 1399 3366 Gottlieb Daimler. — 1890 erfolgte die Umwandlung
236 3345 1401 3408 der Fabrik in die „Daimler Motoren Gesellschaft“, Cann-
236 3384 1403 3452 statt. — 1904 begann die Übersiedlung in die neuerbauten
238 3433 1401 3493 Fabrikhallen in Untertürkheim. — 1902 erfuhr die Ge-
234 3463 1406 3544 sellschaft durch die Übernahme der „Motorenfahrzeug und
238 3514 1401 3584 Motorenfabrik A.-G.“, Berlin-Marienfelde, eine bedeu-
236 3554 1406 3626 tende Erweiterung. — 1917 entstand das Werk Sindel-
238 3595 1406 3667 fingen, welches zum bedeutendsten neuzeitlichsten Ka-
238 3647 1239 3702 rosseriewerk des Kontinents entwickelt wurde.
236 3684 1415 3767 Unter Carl Benz entstand 1880 die „Mannheimer Gas-
1501 394 2666 461 motorenfabrik“. — 1883 gründete Carl Benz die Firma
1505 443 2663 510 „Benz & Co., Rheinische Gasmotoren-Fabrik“, Mannheim.
1512 484 2661 542 — 1899 erfolgte die Umwandlung der alten Firma in eine
1505 526 2666 584 Aktiengesellschaft. — 1907 ging die Gesellschaft mit der
1505 566 2661 631 Firma „Süddeutsche Automobilfabrik G. m. b. H.“, Gag-
1505 607 2663 670 genau, eine Interessengemeinschaft ein. — 1909 über-
1508 651 2666 714 siedelte die Firma in die neuen Fabrikanlagen nach
1508 693 2666 754 Mannheim-Waldhof. — 1912 erfolgte die volle Übernahme
1510 733 2666 793 des Gaggenauer Unternehmens unter dem Namen „Benz-
1510 777 2666 842 Werke, Gaggenau, Filiale von Benz & Cie., Rheinische
1510 818 2666 883 Automobil- und Motorenfabrik A.-G., Mannheim“, in
1510 865 1726 921 Gaggenau.
1512 897 2666 965 1924 gingen die beiden Firmen Daimler und Benz eine
1510 944 2666 1002 Interessengemeinschaft ein. — 1926 wurde die Fusion
1510 983 2666 1046 beider Firmen beschlossen unter dem Namen „Daimler-
1510 1030 2666 1090 Benz Aktiengesellschaft“ mit der Hauptverwaltung in
1510 1069 2666 1132 Stuttgart-Untertürkheim u. dem juristischen Sitz in Berlin.
1515 1115 2023 1173 Gefolgschaft: 1931
2060 1111 2668 1171 1932 1933 1934 1935
1508 1157 1775 1222 insgesamt
1863 1148 2508 1215 10 000 8 700 14 000 22 600
1510 1183 2673 1269 Umsatz (Mill.RM) 77,0 65,0 100,0 147,0 226,0
1512 1334 2021 1417 Daller & Fieberg,
1510 1403 2167 1498 Düsseldorf-Grafenberg
1512 1475 2130 1563 (Hohenzollernwerk).
1512 1554 2338 1635 Fernruf: 60 388. Drahtanschrift: dafi
1517 1605 1877 1670 Gründung: 1936.
1515 1635 2673 1707 Fabrikationsprogramm: Ventilatoren, Exhaustoren,
1517 1691 2673 1756 Hochdruck-Gebläse, Luftheizapparate, lufttechnische An-
1519 1742 1647 1795 lagen.
1517 1770 2014 1835 Kapital: RM. 45 000.—.
1519 1804 2589 1876 Inhaber: Anton Daller, Franz Fieberg, Düsseldorf.
1519 1855 2670 1923 Bankverbindung: Deutsche Bank u. Disconto-Ges..
1522 1909 1754 1965 Düsseldorf.
1519 1939 2201 1999 Postscheck-Konto: 55 414 Köln.
1519 1990 2123 2050 Geschäftsjahr: 1./1.—31./12.
1517 2122 2092 2204 Dampfbackofenbau
1519 2194 2092 2282 Becker & Wachtel,
1517 2262 2366 2350 Düsseldorf, Corneliusstr. 105.
1522 2347 1870 2419 Fernruf: 11 709.
1524 2396 1891 2459 Gründung: 1921.
1524 2429 2385 2496 Fabrikationsprogramm: Dampfbacköfen.
1524 2484 1995 2542 Kapital: RM 35 000.—
1524 2521 2336 2584 Inhaber: Josef Becker, Hans Wachtel.
1526 2561 2677 2637 Bankverbindung: Deutsche Bank u. Disconto-Ges-
1529 2610 1761 2668 Düsseldorf.
1526 2637 2195 2707 Postscheck-Konto: 9795 Köln.
1526 2693 2137 2751 Geschäftsjahr: 1./1.—31./12.
1529 2753 2264 2814 Anlagen: Mechanische Werkstätte.
1526 2788 2684 2862 Besondere Angaben: Firma wurde als Backofenbau-
1529 2844 1976 2900 werkstätte gegründet.
1524 2869 2684 2944 Gefolgschaft: 4 Arbeiter, 2 Lehrlinge u. 1 Angestellter.
1524 3009 2689 3090 Dampfbackofenbau-Gesellschaft m. b. H.
1526 3080 2517 3166 Nürnberg-S, Brunecker Straße 36.
1529 3169 2652 3231 Fernruf: 42 232. Drahtanschrift: dampfbackofenbau
1533 3213 1891 3275 Gründung: 1925.
1531 3245 2691 3312 Fabrikationsprogramm: Backöfen für Bäckereien und
1533 3299 2689 3354 Brotfabriken, und zwar alle Systeme (Dampfbacköfen,
1531 3338 2686 3405 ausziehbare Backöfen, Kohlenbacköfen, Elektrowärme-
1533 3387 1907 3440 speicherbacköfen).
1533 3426 2143 3486 Stammkapital: RM 30 000.—
1533 3454 2656 3533 Anteileigner: Quirin Wenz (90 %), Maria Wenz (10 %).
1533 3510 2192 3568 Geschäftsführer: Quirin Wenz.
1533 3549 2689 3609 Bankverbindungen: Deutsche Bank u. Disconto-Ges.,
1538 3595 1749 3656 Nürnberg.
1536 3626 2308 3695 Postscheck-Konto: 24 258 Nürnberg.
1533 3672 2157 3763 Geschäftsjahr: Kalenderjahr.
236 3862 352 3955 108
