2796 4176
257 222 568 315 Allgemeine
257 378 1424 447 Electricitäts-Ges. A.-G., Athen. — Jugoslawische AEG-
257 424 1424 484 Elektricitäts-A.-G., Belgrad. — Union Ungarische Elek-
264 466 1424 528 trizitäts-A.-G., Budapest. — AEG-Cia. Argentina de Elec-
259 512 1427 573 tricidad S. A., Buenos Aires. — AEG-Compania Generala
264 552 1424 610 de Electricitate, Bukarest. — AEG-Elektrizitäts-A.-G.,
259 593 1427 658 Danzig. — Irish AEG Electric, Dublin. — Elektriska
264 635 1427 696 Aktiebolaget AEG, Helsingfors. — AEG Engineer-
259 677 1427 742 ing Co. Ltd., Johannesburg. — AEG-Dansk Electricitets
264 719 1427 779 Aktieselskab, Kopenhagen. — AEG-Electric Co. Ltd.,
259 760 1427 823 London. — Société Luxembourgeoise pour Entreprises
264 800 1429 863 Electriques S. A., Luxemburg. — AEG Ibérica de Elec-
264 846 1427 904 tricidad S. A., Madrid. — Elektrobeheizung G. m. b. H.,
264 888 1427 946 Nürnberg. — Electricitets-Aktieselskab AEG, Oslo. —
259 927 1429 992 Société Française AEG pour l'Importation et la Vente
264 969 1429 1027 en France du Matériel de l'AEG Berlin, Paris. — AEG-
264 1009 1427 1074 Elektrizitäts-Gesellschaft, Prag. — AEG-Elektrizitäts A.-G.,
259 1057 1429 1115 Riga. — Société Générale d'Electricité S. A. Turque,
264 1095 1424 1157 Stambul. — Elektriska Aktiebolaget AEG, Stockholm. —
266 1141 1429 1197 Powzechne towarzystwo elektryeine AEG Spolka z. o. o.,
264 1180 1431 1243 Warschau. — AEG-Union Jugoslawische Elektrizitäts-
264 1224 1299 1285 A.-G., Zagreb. — AEG-Elektrizitäts-A.-G., Zürich.
264 1266 1433 1327 Eigene Vertretungen im Ausland: Argentinien, Bel-
264 1308 1429 1373 gien, Brasilien, Bulgarien, Chile, China, Österreich,
264 1350 1431 1410 Dänemark, Danzig, England, Estland, Finnland, Frank-
264 1392 1429 1454 reich, Griechenland, Holland, Britisch-Indien, Italien,
264 1438 1429 1491 Jugoslawien, Lettland, Litauen, Luxemburg, Mexiko,
264 1475 1429 1535 Mittel- und Südamerika, Norwegen, Polen, Portugal,
264 1521 1429 1579 Rumänien, Spanien, Schweden, Schweiz, Südafrika,
264 1563 1067 1619 Tschechoslowakei, Türkei und Ungarn.
264 1596 1433 1661 Tochtergesellschaften und Beteiligungen: AEG-Fahr-
264 1640 1429 1705 kartendrucker G. m. b. H. (Konzern-Beteilig.). — AEG
259 1686 1429 1746 Union Elektrizitäts-Gesellschaft, Wien (Konzern-Beteilig.).
273 1730 1427 1786 — Aero Union A.-G., Berlin (25%). — Bayerische Zug-
264 1770 1433 1835 spitzbahn A.-G., Garmisch (40 %). — Bergmann-Electrici-
264 1814 1431 1869 tätswerke A.-G., Berlin (weniger als 50%). — Borsig Lo-
264 1855 1429 1918 komotiv-Werke G. m. b. H., Berlin-Hennigsdorf (100%).
271 1900 1429 1958 — Deutsche Betriebsgesellschaft für drahtlose Telegraphie
264 1941 1431 1999 G. m. b. H., Berlin (25%). — Deutsche Fernkabel G. m.
264 1981 1431 2039 b. H., Berlin (weniger als 25%). — Deutsche Werft A.-G.,
264 2025 1431 2092 Hamburg (31% Konzernbeteilig.). — „Elgiba“, Societate
264 2062 1433 2127 de Distributia Electricitatei in Banat S. A. R., Bukurest
264 2108 1433 2176 (Konzern-Beteilig.). — Olympia-Büromaschinenwerke
269 2152 1431 2215 A.-G., Erfurt (fast 100 %). — Geathom-Als. Thom.-I. G.
269 2192 1433 2259 E. Co. (S. A.) (über 25%). — General Eléctrica
264 2234 1431 2301 Espanola S A., Bilbao (weniger als 25%). — Gesell-
264 2278 1433 2345 schaft f. elektr. Zugbeleuchtung m. b. H., Berlin (33⅓%).
269 2322 1433 2382 — Grundstücks-A.-G., Marwitz, Berlin (100 %). — Grund-
269 2364 1433 2429 stücks- u. Werkstätten-Gesellschaft Wildau m. b. H.,
269 2405 1433 2470 Berlin (fast 100%). — Hartung-Jachmann Aktiengesell-
269 2442 1436 2507 schaft, Berlin (99%). — Hennigsdorfer Terrain- und
269 2487 1433 2549 Hafen-G. m. b. H., Berlin (100 %). — Hochtief A.-G. für
269 2528 1436 2596 Hoch- u. Tiefbauten vorm. Gebr. Helfmann, Essen
269 2570 1433 2644 (weniger als 25%). — Hydrawerk A.-G., Berlin (100%).
280 2616 1436 2679 — Kade & Co. G. m. b. H., Preßspanfabrik, Sänitz
1403 2661 1417 2707 —
269 2656 1359 2719 (33⅓%). — Klangfilm G. m. b. H., Berlin (45%)
269 2700 1440 2760 Kohlenveredlung u. Schwelwerke A.-G., Berlin (weni-
271 2739 1427 2809 ger als 25%). — Masa G. m. b. H., Berlin (100%). —
271 2784 1440 2846 Merseburger Überlandbahnen A.-G., Merseburg (weniger
271 2821 1427 2890 als 25%). — Dr. Paul Meyer A.-G., Berlin (fast 100%). —
273 2862 1440 2930 N. V. Internat. AEG Electriciteits Mij., Amsterdam (Kon-
269 2911 1440 2969 zern-Beteilig.). — Nationale Automobil-Gesellschaft A.-G.,
271 2948 1440 3011 Berlin (mehr als 50%). — Neuroder Kohlen- und Thon-
273 2992 1440 3055 werke, Neurode (weniger als 25%). — Oldenburger Moor-
271 3032 1436 3104 kultur G. m. b. H., Ramsloh (50%). — Osram G. m. b. H.,
273 3080 1440 3143 Kommanditges., Berlin (weniger als 50 %). — Ozon G. m.
276 3118 1438 3180 b. H., Berlin (50%). — Papierfabrik G. m. b. H., vorm.
273 3162 1440 3224 Brüder Kämmerer, Osnabrück (50%). — Pallas Apparate-
273 3206 1429 3266 Ges. m. b. H., Berlin-Charlottenburg (über 50 %). —
271 3248 1440 3308 Quarzlampen Gesellschaft m. b. H., Hanau (50%). —
273 3287 1440 3350 Rosenthal-Isolatoren G. m. b. H., Selb (50%). — Sachsen-
273 3329 1443 3389 werk Licht- und Kraft-A.-G., Dresden-Niedersedlitz (über
271 3370 1440 3431 50%). — Schlesisch-Dombrowaer Eisenbahn-Betriebs-G.
273 3415 1436 3482 m. b. H., Kattowitz (25%). — Slaskie Kolejki Sp. Akc.,
273 3454 1440 3521 früher Schlesische Kleinbahn Sp. Akc., Kattowitz (über
273 3498 1436 3561 50%). — Sociedad Electro Metallurgica Argentina S. A.
276 3535 1443 3605 (Sema), Buenos Aires (30 %). — Telefunken Ges. f. drahtl.
276 3582 1440 3644 Telegr. m. b. H., Berlin (50%). — Verein. Eisenbahn-
276 3626 1443 3686 Signalwerke G. m. b. H., Berlin (33⅓%). — Vereinigte
273 3667 1431 3746 Lausitzer Glaswerke A.-G., Berlin (weniger als 25%). —
1561 373 2724 436 Verkehrsbetriebe Oberschlesien A.-G., Gleiwitz, früher
1559 412 2721 475 Oberschles. Überlandbahnen (50%). — Werkstätten und
1563 459 2362 517 Wohnungen G. m. b. H., Berlin (100%).
1563 489 2721 559 Verträge: 1. „General Electric Company“, New york.
1561 540 2724 603 Das Abkommen hat sich als wertvoll erwiesen. Die seit
1561 584 2721 644 25 Jahren bestehenden freundschaftlichen Beziehungen
1559 631 2724 682 beruhen im wesentlichen auf einem Patent- und Er-
1559 670 2724 728 fahrungsaustausch. — 2. „Straßenbahn Emden“, Emden,
1559 712 2724 765 deren Betrieb die AEG pachtweise führt. — 3. „Bruns-
1561 744 2721 818 wick-Balke-Collender Company“, Chicago. — 4. „Poly-
1559 788 2721 863 phonwerk A.-G.“, Leipzig. — 5. „Deutsche Grammophon
1563 839 2724 904 A.-G.“, Leipzig. Betrifft Beteiligung an der Einführung
1559 881 2719 934 elektrischer Methoden für Aufnahme und Wiedergabe. —
1563 914 2724 979 6. „Robert Bosch A.-G.“, Stuttgart. Betrifft freundschaft-
1561 958 2726 1020 liche Verständigung hinsichtlich des bisherigen Wett-
1561 997 2726 1071 bewerbsgebietes. — 7. „Hirsch Kupfer- u. Messingwerke
1561 1048 2689 1106 A.-G.“, Berlin. Das Abkommen ist rein fabrikatorisch.
1561 1090 2726 1155 Besondere Angaben: Die Gesellschaft wurde als „Deut-
1561 1125 2721 1187 sche Edison-Gesellschaft für angewandte Elektricität“
1561 1173 2726 1238 gegründet u. nahm 1887 die jetzige Firmenbezeichnung
1561 1215 2724 1273 an. Zunächst befaßte sich das Unternehmen mit der Her-
1563 1255 2726 1320 stellung von Glühlampen. Das Fabrikationsprogramm
1561 1301 2724 1357 erweiterte sich später sehr rasch u. umfaßt heute das
1561 1340 2726 1403 gesamte Gebiet der Starkstromtechnik u. die benachbar-
1561 1378 2724 1443 ten Gebiete des Schwachstroms (Rundfunk, Verstärker,
1563 1426 2726 1491 Fernsprechkabel u. a.). — 1903 gründete die AEG ge-
1563 1461 2728 1531 meinsam mit der Siemens & Halske A.-G. die Telefunken
1566 1510 2726 1568 Gesellschaft für drahtlose Telegraphie m. b. H. Diese
1563 1549 2724 1607 Gesellschaft ist durch die Erfolge auf ihrem Gebiete
1561 1591 2721 1654 bahnbrechend geworden u. hat Weltbedeutung. — 1921
1566 1635 2724 1695 wurde mit der Porzellanfabrik Ph. Rosenthal & Co. A.-G.
1563 1679 2728 1737 ein Abkommen getroffen, durch das die der AEG gehörige
1566 1716 2728 1779 Porzellanfabrik in Hennigsdorf u. die elektrotechnischen
1563 1765 2728 1823 Porzellanfabriken des Rosenthal-Konzerns in Selb zu einer
1566 1800 2731 1862 Interessengemeinschaft zusammengeschlossen wurden (1936
1566 1849 2719 1907 in Rosenthal-Isolatoren G. m. b. H. umgewandelt). —
1568 1888 2728 1948 Weiterhin beteiligte sich die Gesellschaft maßgeblich an
1566 1932 2726 1995 einer Stromlieferungs-Gesellschaft in Brasilien, der Em-
1566 1971 2728 2039 preza Sul Brasileira de Electricidade, Joinville, für die
1568 2013 2726 2081 sie die gesamte elektrische Kraftanlage lieferte. Zum
1566 2060 2728 2115 Zwecke gemeinsamer Bearbeitung des Starkstromge-
1568 2099 2728 2162 schäftes in Spanien hat die AEG zur Verstärkung ihrer
1568 2141 2728 2206 Position zusammen mit den ihr befreundeten Firmen, der
1568 2183 2726 2245 Société Générale de Constructions Electriques et Meca-
1566 2224 2728 2287 niques (Als-Thom), Paris, der Compagnie Française pour
1566 2268 2728 2329 l'Exploitation des Procédés Thomson-Houston, Paris, der
1566 2303 2728 2368 International General Electric Company, New Vork, und
1568 2347 2728 2417 einer spanischen Gruppe unter dem Namen: Geathom
1570 2391 2728 2456 AEG-Als. Thom-I. G. E. Co.-S. A., eine Verkaufsgesell-
1568 2436 2731 2503 schaft mit einem Gesellschaftskapital von Pesetas 20 Mill.
1570 2484 1791 2542 gegründet.
1568 2519 2733 2579 Die Gesellschaft besitzt ein eigenes Forschungsinstitut
1573 2563 2728 2623 und Einrichtungen für ein eigenes Ausbildungswesen
1570 2607 2731 2665 (Lehrwerkstätten in Reinickendorf, Hennigsdorf u. Ober-
1570 2651 1851 2712 schöneweide).
1814 2681 2139 2749 Gefolgschaft:
2359 2691 2568 2744 Umsatz:
1735 2730 2731 2807 Arbeiter u. Angestellte in Mill. RM davon Export
1573 2772 1726 2835 1926/27
1911 2779 2048 2830 70 000
2283 2777 2385 2835 420,0
1573 2818 1721 2879 1927/28
1909 2818 2041 2872 80 000
2278 2814 2387 2874 510,0
2580 2818 2603 2867 —
1575 2862 1724 2918 1928/29
1909 2858 2039 2918 60 000
2283 2858 2387 2916 580,0
1573 2904 1724 2962 1929/30
1911 2900 2041 2960 55 000
2280 2897 2389 2955 520,0
2512 2893 2684 2962 35—38%
1573 2944 1721 2999 1930/31
1911 2944 2041 3002 46 000
2280 2939 2389 2999 370,0
2554 2941 2638 2997 45 %
1573 2988 1730 3046 1931/32
1914 2983 2048 3039 35 000
2285 2981 2385 3043 220,0
2552 2981 2640 3036 48%
1575 3032 1730 3090 1932/33
1909 3025 2044 3087 30 000
2283 3029 2392 3085 180,0
2533 3016 2654 3085 37.7%
1573 3071 1728 3132 1933/34
1914 3069 2046 3127 37 500
2285 3071 2392 3127 234,0
2538 3064 2649 3127 24 3%
1577 3113 1735 3173 1934/35
1909 3111 2041 3169 42 000
2278 3104 2392 3166 273,0
2552 3108 2645 3178 21%
1573 3155 1742 3227 1935/36
1898 3152 2039 3215 50 000
2271 3152 2378 3215 316,0
1568 3299 2512 3382 Allgemeine Maschinen-Industrie
1577 3373 1958 3454 Winand Nix,
1570 3440 2515 3544 Altona 1, Langenfelder Str. 111.
1570 3528 1960 3593 Fernruf: 43 02 16.
1577 3575 1939 3635 Gründung: 1913.
1573 3616 2705 3677 Fabrikationsprogramm: Milchentrahmungsmaschinen.
1575 3665 2030 3737 Inhaber: Fr. Cl. Nix.
276 3846 359 3930 28
