2796 4176
232 234 791 324 Torwegge — Tretrop
232 380 1399 452 Umsätze auf der ganzen Linie gestiegen sind u. den
229 433 1394 501 höchsten Stand erreichten, den das Werk seit Bestehen
232 477 1396 535 aufweisen konnte. — Im besonderen bezieht sich diese
232 522 1392 584 Umsatzerhöhung auf die Büromaschinen-Abteilung, im
232 559 1396 621 Rahmen welcher auch das Geschäft in rechnenden Buch-
229 605 1394 668 haltungsmaschinen eine wesentliche Ausdehnung erfuhr.
234 647 1394 705 — Die Ges. kann ferner mit großer Befriedigung fest-
229 691 1394 749 stellen, daß im Gegensatz zu den allgemein bekannten
232 726 1392 791 Erschwerungen im Fahradgeschäft ihr Umsatz in diesem
234 777 1392 837 Artikel gleichfalls gesteigert werden konnte. Während
232 812 1394 872 der Absatz in Büromaschinen-Erzeugnissen im Geschäfts-
229 851 1394 914 jahr 1934/35 bereits wertmäßig um 88% u. der Stückzahl
229 902 1394 953 nach um 107% gegenüber 1933/34 gesteigert werden
229 939 1392 999 konnte, erfuhr der Auslandsumsatz im letzten Geschäfts-
229 981 1394 1039 jahr eine Wertsteigerung von 31,5% u. eine Mengen-
229 1025 1389 1081 steigerung von 24% gegenüber den im vorjährigen Be-
232 1071 1394 1132 richtsjahr erreichten Ergebnissen. Es verdient daher
232 1111 1394 1164 erwähnt zu werden, daß der Auslandsabsatz in knappen
232 1157 1389 1218 zwei Jahren um nicht weniger als 149,8% der Menge
232 1197 1394 1255 nach u. 145,4% dem Werte nach gesteigert werden
227 1234 1392 1294 konnte. — Das Auslandsgeschäft der Schreibmaschinen-
232 1278 1392 1340 Abteilung beträgt heute schon stückmäßig rund 40 %
227 1322 1304 1392 der Gesamtherstellung in diesem Fabrikationszweig.
222 1482 1232 1577 Franz Torwegge Maschinenfabrik,
225 1561 1069 1647 Bad Oeynhausen-Melbergen,
225 1630 856 1716 Koblenzer Straße 10.
229 1726 1143 1797 Fernruf: 2791. Drahtanschrift: torwegge
229 1777 589 1835 Gründung: 1919.
229 1818 1394 1879 Fabrikationsprogramm: Einfache- u. doppelte Abkürz-
227 1858 1392 1916 sägen; Furnierschneide-, automatische Stab-, Mittellagen-
229 1902 1392 1955 u. Tellerschleifmaschinen. Transportgeräte u. automati-
227 1941 1183 1999 sche Besaum-Leistenschneid- u. Ritzkreissägen.
227 1983 791 2043 Inhaber: Franz Torwegge.
227 2025 946 2081 Prokuristen: Heinrich Nottmeyer.
229 2067 1396 2132 Bankverbindungen: Reichsbank, Minden; Deutsche
227 2106 1069 2164 Bank u. Disconto-Ges., Bad Oeynhausen.
227 2150 1007 2208 Postscheck-Konto: 65 262 Hannover.
227 2194 839 2255 Geschäftsjahr: 1./1.—31./12.
225 2257 1392 2315 Grundbesitz: 3500 qm, davon 1000 qm bebaut; gepachtet
229 2294 1389 2357 sind 1000 qm mit 1000 qm bebauter Fläche; gesamte
227 2338 661 2398 Nutzfläche: 2000 qm.
227 2387 993 2442 Anlagen: Maschinenbau-Werkstätten.
225 2422 1392 2482 Eigene Vertretung in Berlin: Erwin Fährmann, Bln.-
229 2470 758 2526 Steglitz, Amfortusweg 41.
227 2505 1389 2572 Besondere Angaben: Die Firma wurde als Reparatur-
227 2552 1389 2616 werkstatt gegründet. — 1920 wurde der Bau von doppel-
225 2591 881 2649 ten Abkürzsägen aufgenommen.
222 2635 1387 2702 Gefolgschaft: 50 Arbeiter (davon 8 Lehrlinge) u. 8 An-
220 2679 837 2742 gestellte (davon 2 Lehrlinge).
1524 403 2691 466 nen, statische Auswuchtapparate; Pleuelwaagen; Ab-
1529 443 2208 505 drehapparate für Schleifscheiben.
1529 484 2208 542 Geschäftsführer: Alfred Lebert.
1531 531 2689 593 Prokuristen: Bruno Naberg, Theodor Nobis, Otto
1529 568 1679 626 Müller.
1526 600 2684 686 Bankverbindung: Deutsche Bank u. Disconto-Ges,
1531 654 1763 712 Düsseldorf.
1526 698 2218 749 Postscheck-Konto: 11 114 Köln.
1526 737 2137 800 Geschäftsjahr: 1./1.—31./12.
1526 805 2538 865 Grundbesitz: 5400 qm, davon 1800 qm bebaut.
1526 849 2642 914 Anlagen: Maschinenbau- u. Apparatebau-Werkstätten.
1522 962 2002 1039 C. A. Trenkamp
1522 1030 2573 1125 Maschinenfabrik und Eisengießerei,
1522 1102 1993 1197 Lohne i. Oldbg.
1526 1180 1826 1238 Fernruf: 204.
1524 1213 2436 1285 Drahtanschrift: trenkamp maschinenfabrik
1529 1271 1891 1327 Gründung: 1866.
1526 1303 2686 1371 Fabrikationsprogramm: Motordreschmaschinen, Schrot-
1526 1352 2081 1408 mühlen, Häckselmaschinen.
1526 1394 2343 1454 Inhaber: Alfred u. Bernard Trenkamp.
1526 1433 2686 1503 Bankverbindungen: Landessparkasse, Landesbank, Ol-
1524 1480 1703 1538 denburg.
1524 1519 2278 1579 Postscheek-Konto: 4920 Hannover.
1522 1561 2130 1617 Geschäftsjahr: 1./1.—31./12.
1522 1612 2538 1679 Grundbesitz: 7200 qm, davon 3200 qm bebaut.
1524 1668 2682 1735 Anlagen: Schlosserei, Dreherei, Tischlerei, Sägerei,
1522 1709 1719 1765 Gießerei.
1522 1835 2034 1909 TRESORSTAHL.
1519 1900 2598 1981 Geldschrank-, Tresor- und Stahlbau
1522 1974 1860 2060 G. m. b. H.,
1517 2041 2684 2132 Berlin-Reinickendorf, Sommerstr. 15/25.
1522 2113 2118 2185 Fernruf: 49 19 28 u. 49 37 93.
1524 2171 2111 2222 Drahtanschrift: tresorstahl
1522 2208 1888 2266 Gründung: 1936.
1519 2241 2679 2310 Fabrikationsprogramm: Tresoranlagen u. -türen; Geld-,
1522 2287 2682 2352 Akten- u. Kontenschränke; Stahltüren, Regale, Kassetten
1524 2333 2329 2391 u. Zahltische. Bauschlosserei-Arbeiten.
1524 2375 1974 2431 Kapital: RM 34 000.—
1522 2415 2684 2480 Anteileigner: Franz Koblitz (40 %), Bln.-Pankow; Paul
1519 2456 2682 2517 Götsch (40 %), Fritz Neumann (20%), Bln.-Reinickendorf.
1522 2505 2271 2558 Geschäftsführer: Die Anteileigner.
1517 2540 2682 2598 Bankverbindungen: Dresdner Bank. Bank der Deut-
1517 2586 2679 2651 schen Arbeit A.-G., Commerz- u. Privat-Bank A.-G.,
1517 2626 1659 2684 Berlin.
1522 2668 2176 2726 Postscheck-Konto: 475 Berlin.
1517 2716 2130 2772 Geschäftsjahr: 1./1.—31./12.
1519 2770 2682 2835 Anlagen: Gepachtet sind 2400 qm mit 2400 qm bebauter
1517 2818 2677 2872 Fläche; gesamte Nutzfläche: 3000 qm. — Fabrikations-
1519 2862 2679 2916 räume mit Dreherei, Bohrerei, Fräserei, Hobelei, Schlei-
1517 2909 2679 2967 ferei, Sägerei, Exzenterpressen, Lackiererei, elektrische
1517 2946 2324 2999 u. autogene Schweißerei. Lagerräume.
1515 2978 2677 3046 Besondere Angaben: Das Unternehmen ist aus der
1519 3029 2673 3087 Geldschrank-Abteilung der Fa. „ADE Automaten- u.
1517 3064 2679 3134 Schnellwaagen-Fabrik G. m. b. H.“, Bln.-Reinickendorf,
1515 3111 1853 3169 hervorgegangen.
1515 3157 2677 3229 Gefolgschaft: 49 Arbeiter, 9 Lehrlinge u. 4 Angestellte.
222 2846 768 2930 Toussaint & Heß,
218 2918 1153 3011 Hydraulische Hebezeug-Fabrik,
215 2992 1037 3074 Düsseldorf, Martinstraße 9.
218 3083 1232 3159 Fernruf: 25 621. Drahtanschrift: tehawerkzeug
218 3136 582 3194 Gründung: 1923.
220 3164 1385 3245 Fabrikationsprogramm: Handhebezeuge (Flaschenzüge,
220 3220 410 3278 Winden).
1331 3243 1382 3345 B
215 3252 1213 3338 Bankverbindung: Kreissparkasse, Düsseldorf.
215 3410 1385 3510 Trebel-Werk Alfred Lebert G. m. b. H.,
215 3489 1218 3575 Düsseldorf, Münsterstraße 421/27.
218 3582 1385 3647 Fernruf: 30 335 u. 35 483. Drahtanschrift: trebelwerk
218 3621 577 3677 Gründung: 1910.
213 3653 1389 3742 Fabrikationsprogramm: Dynamische Auswuchtmaschi-
1510 3294 1918 3377 Hugo Tretrop
1510 3366 2373 3466 Halle (Saale), Sophienstr. 27.
1512 3449 1863 3517 Fernruf: 23 168.
1517 3505 1879 3556 Gründung: 1883.
1512 3535 2445 3607 Fabrikationsprogramm: Bäckereimaschinen.
1515 3586 2673 3667 Bankverbindung: Gewerbe- und Handelsbank A.-G.,
1515 3626 1758 3691 Halle/Saale.
2628 3663 2668 3730 &
1512 3672 2253 3739 Postscheck-Konto: 86 062 Leipzig.
208 3837 324 3930 598
