2796 4176
236 250 944 324 Schuster — Schwabenthan
236 399 1399 468 zu Jahr erweitert, verbessert u. vergrößert wurden. —
238 447 1401 505 1922 Umwandlung der Firma in eine A.-G. — 1925 Er-
238 491 1392 554 stellung einer eigenen Sauerstofferzeugungsanlage. —
238 531 1401 589 1937 Umwandlung der A.-G. in eine K.-G. — In den
238 575 1401 633 Jahren 1920/37 hat die Firma Gebr. Schuß K.-G. sich
238 614 1399 672 eine beachtenswerte Stellung im internationalen Wirt-
241 663 1403 723 schaftsleben erkämpft. — 40 % der Gefolgschaft gehören
241 705 974 760 seit mehr als 10 Jahren zum Werk.
234 816 693 895 Ernst Schuster,
232 883 918 967 Bremen, Am Deich 66.
236 972 1222 1032 Fernruf: 51 322. Drahtanschrift: ceresbremen
241 1018 598 1074 Gründung: 1920.
238 1037 1406 1115 Fabrikationsprogramm: Vakuum-Verdampfungsanlagen
241 1104 1403 1157 u. Vakuum-Trocknungsanlagen für die chemische u. Nah-
238 1143 1403 1199 rungsmittelindustrie. Milcherhitzungsapparate u. Anlagen
241 1187 1401 1248 zur Herstellung von kondensierter Milch u. Trockenmilch.
243 1224 944 1289 Inhaber: Ernst Schuster, Bremen.
236 1269 867 1331 Geschäftsjahr: Kalenderjahr.
232 1410 672 1494 Fritz Schuster
234 1470 1201 1568 Apparate- und Maschinenfabrik,
236 1549 1123 1628 Chemnitz, Further Str. 39/41.
241 1614 1299 1688 Fernruf: 45 145/46. Drahtanschrift: schusterwerk
241 1663 1403 1730 Fabrikationsprogramm: Strumpfform- u. Appretur-Ma-
243 1709 1406 1770 schinen, Strumpfform- u. Appretur-Anlagen, hydraulische
243 1756 1403 1816 Pressen, Handspindelpressen; Prägemaschinen für
248 1797 1097 1858 Strümpfe u. Trikotagen. Repassiergeräte.
243 1842 1099 1902 Inhaber: Ing. Fritz Schuster, Chemnitz.
243 1881 795 1939 Prokurist: Albert Lorenz.
243 1920 1408 1985 Bankverbindungen: Reichsbank, Commerz- u. Privat-
243 1967 1301 2027 Bank A.-G., Handelsbank e. G. m. b. H., Chemnitz.
243 2011 988 2069 Postscheck-Konto: 98 900 Leipzig.
241 2050 865 2111 Geschäftsjahr: Kalenderjahr.
243 2104 1317 2176 Anlagen: Maschinenfabrikationsräume u. Strumpf-
245 2159 638 2217 Maschinenformerei.
241 2185 1406 2259 Eigene Vertretungen im Ausland: Belgien, England,
241 2243 1406 2317 Holland, Skandinavien, Jugoslawien, Griechenland,
248 2282 477 2343 Australien.
238 2310 830 2387 Gefolgschaft: 90 Personen.
1538 403 2686 463 Apparate u. Einrichtungen für die Getränke-Industrie,
1538 443 2689 498 Schankgewerbe. Armaturen für Dampf, Wasser, Chemi-
1536 484 2689 547 kalien für die Reichsbahn u. die chemische Industrie.
1533 528 2684 591 Stahlflaschen-Absperrventile für alle hochgespannten u
1536 573 2691 626 verflüssigten Gase. Massenartikel nach Modellen, Mu-
1533 614 1976 670 stern u. Zeichnungen.
1533 656 2027 714 Kapital: RM 490 000.—
1533 689 2693 760 Anteileigner: Klug (22,5%), Erk (22,5%), Schuster
1536 740 2619 800 (21,7%), Orth (18,9%), Breukmann-Willems (14,4 %).
1531 779 2693 844 Geschäftsführer: Dipl.-Ing. Hermann Orth, Hans Hein-
1536 825 1751 881 rich Klug.
1533 853 2164 925 Prokurist: Friedr. Wilh. Erk.
1533 890 2693 965 Bankverbindungen: Deutsche Bank u. Disconto-Ges.,
1533 946 1911 1004 Reichsbank, Köln.
1533 988 2199 1046 Postscheck-Konto: 3676 Köln.
1531 1032 2155 1095 Geschäftsjahr: Kalenderjahr.
1533 1092 2545 1153 Grundbesitz: 8500 qm, davon 5000 qm bebaut.
1536 1134 2693 1201 Anlagen: Modell-Tischlerei, Metall- u. Eisengießerei,
1536 1178 2693 1241 Dreherei, Schlosserei, Werkzeugmacherei, Schleiferei,
1533 1222 2693 1282 galv. Anstalt, Kesselschmiede, Klempnerei mit den er-
1536 1269 2139 1327 forderlichen Hilfswerkstätten.
1536 1294 2698 1373 Eigene Vertretung in Berlin: A. R. Holz, NW 87, Al-
1540 1357 1844 1408 tonaer Str. 29.
1536 1392 2533 1450 Eigene Vertretung im Ausland: Auf Anfrage.
1536 1429 2696 1494 Besondere Angaben: Das Unternehmen wurde als Me-
1536 1473 2696 1533 tallgießerei gegründet. — 1886 Angliederung einer Dre-
1536 1512 2696 1575 herei u. Schlosserei. Weitere Betriebsabteilungen u.
1538 1559 2466 1617 Hilfswerkstätten folgten in den 90er Jahren.
1540 1598 2696 1663 Vom Gesamtumsatz entfielen 1936: 15% auf den Export.
1538 1637 2696 1705 Gefolgschaft: 260 Arbeiter (davon 85 Lehrlinge) und
1540 1686 2250 1742 40 Angestellte (davon 5 Lehrlinge)
1538 1719 2696 1786 Zur Ausbildung des Facharbeiter-Nachwuchses wird eine
1536 1765 2301 1835 besondere Lehrwerkstatt unterhalten.
1538 1900 2269 1983 Hermann Johs. Schwabe
1538 1971 2044 2057 Maschinenfabrik,
1540 2043 2130 2129 Siegmar-Schönau 1,
1540 2115 2123 2199 Franz-Seldte-Str. 4.
1536 2192 2099 2252 Fernruf: Chemnitz 39 135.
1538 2234 2188 2296 Drahtanschrift: textilschwabe
1536 2280 1907 2340 Gründung: 1919.
1536 2308 2703 2389 Fabrikationsprogramm: Strumpfappretur-Apparate und
1538 2357 2698 2424 -Maschinen, Strumpffärbe-Maschinen, Gespinstanfeucht-
1540 2405 2208 2466 Apparate, Metall-Flaschenspulen.
1538 2442 2480 2507 Inhaber: Hermann Johs. Schwabe, Chemnitz.
1540 2489 2130 2549 Prokurist: Alfred Schwabe.
1536 2514 2703 2593 Bankverbindungen: Dresdner Bank, Chemnitz; Allge-
1538 2570 2550 2640 meine Deutsche Credit-Anstalt, Siegmar-Schönau.
1538 2616 2276 2677 Postscheck-Konto: 40 696 Leipzig.
1536 2658 2137 2719 Geschäftsjahr: 1./1.—31./12.
1536 2707 2547 2781 Grundbesitz: 11 060 qm, davon 787 qm bebaut.
1538 2760 2698 2825 Anlagen: Fabrikationssäle mit den nötigen Metallbearbei-
1540 2800 2696 2865 tungsmaschinen. Metallgießerei; Ausstellungsraum mit
1540 2851 2540 2906 Vorführungsmaschinen; Packerei u. Lagerräume.
1536 2893 2582 2948 Eigene Vertretungen im Ausland: Auf Anfrage.
241 2463 577 2528 Paul Schuster
238 2510 768 2586 siehe Maschinenfabrik
241 2628 714 2716 Victor Schuster,
236 2700 1146 2788 Reichenbach i. V., Burgstr. 42.
238 2786 556 2851 Fernruf: 2627.
243 2830 610 2893 Gründung: 1876.
241 2872 1410 2939 Fabrikationsprogramm: Appreturmaschinen für Tuch-
243 2920 700 2976 und Filztuchindustrie.
243 2958 1120 3022 Inhaber: Willy Schuster, Victor Schuster.
241 3002 1297 3062 Bankverbindung: Girozentrale, Reichenbach i. V.
245 3050 986 3108 Postscheck-Konto: 22 499 Leipzig.
241 3090 853 3145 Geschäftsjahr: 1./10.—30./9.
241 3122 1413 3206 Anlagen: Fabrikationsräume mit Montagehalle und Nie-
238 3187 1250 3250 derlage. Dreherei, Fräserei, Bohrerei, Tischlerei.
234 3310 1410 3394 Ph. Schuster & Cie. m. b. H., Maschinen-
241 3387 1290 3473 u. Armaturenfabrik, Metallgießerei,
243 3466 1259 3551 Köln-Kalk, Kalker Hauptstr. 137.
241 3547 1306 3609 Fernruf: 10 231. Drahtanschrift: armaturschuster
243 3593 1027 3649 Gründung: 1870; seit 1904 G. m. b. H.
243 3633 1413 3702 Fabrikationsprogramm: Leitungs-, Regel- u. Absperr-
243 3684 1417 3758 Organe für Flüssigkeiten u. Gase aller Art. Armaturen,
1536 3018 2283 3104 Fr. Schwabenthan & Co.,
1538 3090 2601 3171 Berlin SW 61, Großbeerenstr. 58/59.
1538 3157 2686 3234 Fernruf: 66 87 63. Drahtanschrift: schwabenthangum
1540 3210 1902 3268 Gründung: 1887.
1540 3236 2700 3317 Fabrikationsprogramm: Maschinen und vollständige
1540 3294 2696 3361 Anlagen für alle Zweige der Gummiindustrie; Kabel-
1538 3333 2700 3394 maschinen, soweit Gummi mit ihnen verarbeitet wird;
1538 3377 2700 3440 Rohgummi-Waschanlagen für Plantagen- und Wild-Kaut-
1540 3419 2703 3477 schuk; Maschinen für Balatariemen; Schallplatten, Kunst-
1538 3463 2698 3524 harz-(Bakelit-)Walzwerke; Holzimprägnierwagen u. -ge-
1538 3507 2703 3563 räte für Eisenbahnschwellen, Telegraphenmaste u. Gru-
1543 3554 2273 3607 benholz; allgemeiner Maschinenbau.
1540 3591 2269 3656 Inhaber: Ing. Fritz Schwabenthan.
1538 3630 2705 3698 Bankverbindungen: Reichsbank, Deutsche Bank u. Dis-
1543 3681 1925 3749 conto-Ges., Berlin.
241 3855 355 3943 552
