<?xml version="1.0" encoding="UTF-8"  standalone="yes"?>
<PcGts xmlns="http://schema.primaresearch.org/PAGE/gts/pagecontent/2019-07-15" xmlns:xsi="http://www.w3.org/2001/XMLSchema-instance" xsi:schemaLocation="http://schema.primaresearch.org/PAGE/gts/pagecontent/2019-07-15 http://schema.primaresearch.org/PAGE/gts/pagecontent/2019-07-15/pagecontent.xsd">
  <Metadata>
	<Creator>escriptorium</Creator>
	<Created>2024-11-07T08:35:23.952333+00:00</Created>
        <LastChange>2024-11-07T08:35:23.952355+00:00</LastChange>
  </Metadata>
  <Page imageFilename="maschinenindustrie_1937_0230.jpg" imageWidth="2796" imageHeight="4124">
    <TextRegion id="r_2_1"  >
      <Coords points="132,324 1300,324 1300,1038 132,1038"/>
      <TextLine id="eSc_line_a28c03fe" >
        <Coords points="1033,336 1010,336 987,336 964,336 941,334 919,334 896,334 873,334 850,334 827,332 804,332 781,332 758,332 751,332 740,332 735,332 712,329 689,329 666,329 643,329 621,329 598,327 575,327 552,327 550,327 540,329 533,329 529,327 506,327 483,325 474,325 472,327 467,329 394,329 391,325 368,323 346,323 323,323 300,323 277,323 254,320 231,320 208,320 194,320 139,320 139,378 137,398 1056,412 1061,384 1061,339 1045,336 1033,336"/>
        <Baseline points="139,378 492,373 1061,384"/>
        <TextEquiv conf="0.9855381908087895">
          <Unicode>Adolf Hennig Maschinenfabrik,</Unicode>
        </TextEquiv>
      </TextLine>
      <TextLine id="eSc_line_c39c862f" >
        <Coords points="139,446 137,462 925,474 930,453 930,412 891,396 889,396 886,396 884,396 847,410 845,410 843,410 795,396 792,396 790,396 788,396 786,396 772,407 772,410 669,410 655,405 618,394 616,394 614,394 499,396 497,396 495,396 495,398 490,403 483,407 456,400 403,391 401,391 398,391 366,400 343,405 139,396 139,446"/>
        <Baseline points="139,446 930,453"/>
        <TextEquiv conf="0.9998199961803578">
          <Unicode>Halle a. S., Hafenstraße 3.</Unicode>
        </TextEquiv>
      </TextLine>
      <TextLine id="eSc_line_18c3fe45" >
        <Coords points="139,510 137,529 866,549 868,549 1012,538 1015,522 1015,488 841,488 836,483 802,471 799,471 797,471 639,481 637,481 621,469 618,469 616,469 614,469 508,481 492,481 488,481 460,467 458,467 456,467 139,474 139,510"/>
        <Baseline points="139,510 1015,522"/>
        <TextEquiv conf="0.9906561084282703">
          <Unicode>Fernruf: 23 404. Drahtanschrift: hennig</Unicode>
        </TextEquiv>
      </TextLine>
      <TextLine id="eSc_line_ea680f20" >
        <Coords points="142,554 142,575 492,577 497,552 490,520 139,522 142,554"/>
        <Baseline points="142,554 497,552"/>
        <TextEquiv conf="0.9999999920527141">
          <Unicode>Gründung: 1908.</Unicode>
        </TextEquiv>
      </TextLine>
      <TextLine id="eSc_line_b004c233" >
        <Coords points="139,595 137,616 1290,639 1294,614 1294,581 139,559 139,595"/>
        <Baseline points="139,595 1294,614"/>
        <TextEquiv conf="0.9998325658779518">
          <Unicode>Fabrikationsprogramm: Kellermaschinen, Maschinen f.</Unicode>
        </TextEquiv>
      </TextLine>
      <TextLine id="eSc_line_2c64e229" >
        <Coords points="142,634 139,650 891,669 896,646 893,616 142,604 142,634"/>
        <Baseline points="142,634 896,646"/>
        <TextEquiv conf="0.9875557558877127">
          <Unicode>die chemische Industrie. Zahnräder.</Unicode>
        </TextEquiv>
      </TextLine>
      <TextLine id="eSc_line_b4e20370" >
        <Coords points="142,680 139,701 747,705 751,682 749,650 142,641 142,680"/>
        <Baseline points="142,680 751,682"/>
        <TextEquiv conf="0.9999977924205639">
          <Unicode>Inhaber: Ing. Georg Hennig.</Unicode>
        </TextEquiv>
      </TextLine>
      <TextLine id="eSc_line_48daff36" >
        <Coords points="146,723 144,742 1278,760 1283,737 1283,703 146,687 146,723"/>
        <Baseline points="146,723 1283,737"/>
        <TextEquiv conf="0.9999996137619018">
          <Unicode>Bankverbindung: Hallescher Bankverein von Kulisch.</Unicode>
        </TextEquiv>
      </TextLine>
      <TextLine id="eSc_line_2ef8258c" >
        <Coords points="139,760 137,783 864,792 868,772 868,742 139,730 139,760"/>
        <Baseline points="139,760 868,772"/>
        <TextEquiv conf="0.98655937399183">
          <Unicode>Kaempf &amp; Co., G.-K. a. A., Halle/S.</Unicode>
        </TextEquiv>
      </TextLine>
      <TextLine id="eSc_line_7386667d" >
        <Coords points="144,804 142,829 825,833 829,808 827,776 144,769 144,804"/>
        <Baseline points="144,804 829,808"/>
        <TextEquiv conf="0.9991596024483442">
          <Unicode>Postscheck-Konto: 96 439 Erfurt.</Unicode>
        </TextEquiv>
      </TextLine>
      <TextLine id="eSc_line_3253decc" >
        <Coords points="135,847 132,863 719,877 724,854 724,820 135,813 135,847"/>
        <Baseline points="135,847 724,854"/>
        <TextEquiv conf="0.9900996536016464">
          <Unicode>Geschäftsjahr: 1./1.—31./12.</Unicode>
        </TextEquiv>
      </TextLine>
      <TextLine id="eSc_line_043fbafc" >
        <Coords points="135,911 132,927 520,934 520,937 531,946 531,948 533,948 536,948 538,948 605,939 618,937 634,939 703,950 705,950 708,950 744,941 754,939 765,941 804,953 806,953 809,953 900,943 932,941 944,946 971,955 974,955 976,955 1287,950 1290,927 1287,886 1015,891 987,884 964,877 962,877 960,877 957,877 955,877 948,884 939,891 838,891 788,882 717,872 715,872 712,872 680,882 662,886 650,882 627,870 625,870 623,870 621,870 618,870 607,882 602,884 584,882 529,872 527,872 524,872 522,872 513,879 508,884 504,879 483,870 481,870 478,870 423,879 410,882 403,879 371,868 368,868 366,868 364,868 325,879 323,879 293,868 291,868 288,868 135,877 135,911"/>
        <Baseline points="135,911 1290,927"/>
        <TextEquiv conf="0.9998923430637437">
          <Unicode>Grundbesitz: 900 qm, davon 500 qm bebaut; gesamte</Unicode>
        </TextEquiv>
      </TextLine>
      <TextLine id="eSc_line_c2c1723f" >
        <Coords points="137,950 135,973 527,976 531,955 529,925 137,921 137,950"/>
        <Baseline points="137,950 531,955"/>
        <TextEquiv conf="0.9999987200686806">
          <Unicode>Nutzfläche: 600 qm.</Unicode>
        </TextEquiv>
      </TextLine>
      <TextLine id="eSc_line_d565db9c" >
        <Coords points="135,994 132,1021 1148,1035 1152,1008 1152,976 1116,964 1113,964 1111,964 1010,973 809,959 806,959 699,969 689,969 685,969 641,957 639,957 637,957 135,957 135,994"/>
        <Baseline points="135,994 1152,1008"/>
        <TextEquiv conf="0.9995882498457077">
          <Unicode>Anlagen: Maschinen- u. Apparatebau-Werkstätten.</Unicode>
        </TextEquiv>
      </TextLine>
    </TextRegion>
    <TextRegion id="r_3_1"  >
      <Coords points="122,1083 1289,1083 1289,2012 122,2012"/>
      <TextLine id="eSc_line_ba0e4990" >
        <Coords points="132,1131 130,1157 1155,1173 1159,1147 1159,1104 1111,1090 1109,1090 1106,1090 1042,1099 1010,1085 1008,1085 1006,1085 877,1097 854,1083 852,1083 850,1083 847,1083 726,1095 710,1081 708,1081 705,1081 703,1081 595,1092 584,1083 584,1081 582,1081 579,1081 577,1081 575,1081 536,1090 522,1079 520,1079 517,1079 373,1076 371,1076 368,1076 330,1088 318,1079 318,1076 316,1076 313,1076 311,1076 194,1085 160,1074 158,1074 155,1074 153,1074 132,1083 132,1131"/>
        <Baseline points="132,1131 1159,1147"/>
        <TextEquiv conf="0.9957956224679947">
          <Unicode>Hennig &amp; Martin Maschinenfabrik,</Unicode>
        </TextEquiv>
      </TextLine>
      <TextLine id="eSc_line_832bbbf6" >
        <Coords points="130,1205 128,1228 320,1239 323,1239 325,1239 327,1239 327,1237 334,1230 341,1225 465,1225 490,1232 524,1241 527,1241 529,1241 639,1232 655,1232 657,1232 678,1244 680,1244 682,1244 834,1234 843,1234 850,1234 946,1246 948,1246 1035,1234 1038,1216 1038,1170 1008,1154 1006,1154 1003,1154 1001,1154 882,1170 877,1170 875,1170 859,1157 857,1157 854,1157 852,1157 850,1157 847,1157 829,1168 827,1170 689,1170 685,1163 673,1152 673,1150 671,1150 669,1150 666,1150 579,1161 536,1166 515,1159 485,1147 483,1147 481,1147 478,1147 460,1157 453,1161 449,1157 440,1147 437,1147 435,1147 378,1147 375,1147 373,1147 350,1154 313,1163 300,1152 295,1150 295,1147 293,1147 291,1147 288,1147 286,1147 279,1152 263,1159 130,1147 130,1205"/>
        <Baseline points="130,1205 1038,1216"/>
        <TextEquiv conf="0.9999916615157292">
          <Unicode>Leipzig W 31, Jahnstraße 4/6.</Unicode>
        </TextEquiv>
      </TextLine>
      <TextLine id="eSc_line_6e29362f" >
        <Coords points="132,1266 130,1294 1113,1310 1118,1283 1118,1248 1106,1239 1104,1239 1102,1239 1100,1239 994,1248 978,1237 976,1237 974,1237 971,1237 841,1246 575,1232 572,1232 570,1232 568,1232 556,1241 545,1230 543,1230 540,1230 538,1230 132,1230 132,1266"/>
        <Baseline points="132,1266 1118,1283"/>
        <TextEquiv conf="0.9999961932500203">
          <Unicode>Fernruf: 40 358. Drahtanschrift: hennigmartin</Unicode>
        </TextEquiv>
      </TextLine>
      <TextLine id="eSc_line_4b64fd61" >
        <Coords points="135,1312 135,1333 467,1338 469,1312 469,1283 135,1280 135,1312"/>
        <Baseline points="135,1312 469,1312"/>
        <TextEquiv conf="0.9996286749839782">
          <Unicode>Gründung: 1883.</Unicode>
        </TextEquiv>
      </TextLine>
      <TextLine id="eSc_line_fa61f2d0" >
        <Coords points="132,1351 130,1374 1278,1388 1283,1370 1283,1338 132,1315 132,1351"/>
        <Baseline points="132,1351 1283,1370"/>
        <TextEquiv conf="0.999977570027113">
          <Unicode>Fabrikationsprogramm: Bau von automatischen Kom-</Unicode>
        </TextEquiv>
      </TextLine>
      <TextLine id="eSc_line_5bc08156" >
        <Coords points="135,1392 132,1418 1276,1429 1281,1411 1278,1374 135,1360 135,1392"/>
        <Baseline points="135,1392 1281,1411"/>
        <TextEquiv conf="0.9949005268654734">
          <Unicode>primier-Maschinen zur Herstellung von Tabletten, Wür-</Unicode>
        </TextEquiv>
      </TextLine>
      <TextLine id="eSc_line_f0ba0182" >
        <Coords points="135,1434 132,1452 1271,1473 1276,1454 1274,1422 135,1404 135,1434"/>
        <Baseline points="135,1434 1276,1454"/>
        <TextEquiv conf="0.9999995071154374">
          <Unicode>feln aus feinkörnigen und pulverförmigen Substanzen.</Unicode>
        </TextEquiv>
      </TextLine>
      <TextLine id="eSc_line_0c4f1dfb" >
        <Coords points="135,1475 132,1496 1274,1519 1278,1500 1278,1464 135,1436 135,1475"/>
        <Baseline points="135,1475 1278,1500"/>
        <TextEquiv conf="0.9999977120986352">
          <Unicode>Wickel- und Schneide-Maschinen für Verbandstoffe und</Unicode>
        </TextEquiv>
      </TextLine>
      <TextLine id="eSc_line_96acdbdb" >
        <Coords points="135,1519 132,1537 861,1551 866,1530 864,1498 135,1482 135,1519"/>
        <Baseline points="135,1519 866,1530"/>
        <TextEquiv conf="0.9999995367867606">
          <Unicode>Watte. Pulververreibungs-Maschinen.</Unicode>
        </TextEquiv>
      </TextLine>
      <TextLine id="eSc_line_aced5bba" >
        <Coords points="132,1562 130,1580 588,1585 593,1567 591,1532 132,1523 132,1562"/>
        <Baseline points="132,1562 593,1567"/>
        <TextEquiv conf="0.9999999783255837">
          <Unicode>Inhaber: Erich Martin.</Unicode>
        </TextEquiv>
      </TextLine>
      <TextLine id="eSc_line_ce793190" >
        <Coords points="135,1603 132,1622 728,1628 733,1608 731,1573 135,1571 135,1603"/>
        <Baseline points="135,1603 733,1608"/>
        <TextEquiv conf="0.9999852095331464">
          <Unicode>Prokurist: Paul Felgenhauer.</Unicode>
        </TextEquiv>
      </TextLine>
      <TextLine id="eSc_line_0146cfc1" >
        <Coords points="132,1645 130,1665 1269,1690 1274,1665 1271,1631 132,1606 132,1645"/>
        <Baseline points="132,1645 1274,1665"/>
        <TextEquiv conf="0.9971049402622466">
          <Unicode>Bankverbindung: Deutsche Bank u. Disconto-Ges.,</Unicode>
        </TextEquiv>
      </TextLine>
      <TextLine id="eSc_line_2f6b160e" >
        <Coords points="132,1688 132,1711 279,1711 279,1688 279,1656 132,1656 132,1688"/>
        <Baseline points="132,1688 279,1688"/>
        <TextEquiv conf="1.0">
          <Unicode>Leipzig.</Unicode>
        </TextEquiv>
      </TextLine>
      <TextLine id="eSc_line_ac981011" >
        <Coords points="130,1729 128,1748 811,1759 815,1743 815,1706 130,1690 130,1729"/>
        <Baseline points="130,1729 815,1743"/>
        <TextEquiv conf="0.9999876329975743">
          <Unicode>Postscheck-Konto: 4278 Leipzig.</Unicode>
        </TextEquiv>
      </TextLine>
      <TextLine id="eSc_line_98bc817b" >
        <Coords points="135,1773 132,1800 699,1805 703,1777 701,1745 135,1734 135,1773"/>
        <Baseline points="135,1773 703,1777"/>
        <TextEquiv conf="0.9999947037015643">
          <Unicode>Geschäftsjahr: 1./1.—31./12.</Unicode>
        </TextEquiv>
      </TextLine>
      <TextLine id="eSc_line_e7d7e504" >
        <Coords points="128,1837 126,1853 1061,1874 1065,1851 1065,1809 128,1798 128,1837"/>
        <Baseline points="128,1837 1065,1851"/>
        <TextEquiv conf="0.9957099640092184">
          <Unicode>Grundbesitz: 2000 qm, davon 1000 qm bebaut.</Unicode>
        </TextEquiv>
      </TextLine>
      <TextLine id="eSc_line_db26c1ba" >
        <Coords points="128,1878 126,1897 1267,1919 1271,1899 1271,1864 128,1846 128,1878"/>
        <Baseline points="128,1878 1271,1899"/>
        <TextEquiv conf="0.9999730156527625">
          <Unicode>Anlagen: Schleiferei, Bohrerei, Dreherei, Fräserei und</Unicode>
        </TextEquiv>
      </TextLine>
      <TextLine id="eSc_line_6257f692" >
        <Coords points="130,1919 130,1945 279,1942 279,1919 279,1890 130,1885 130,1919"/>
        <Baseline points="130,1919 279,1919"/>
        <TextEquiv conf="0.9999999850988388">
          <Unicode>Hobelei.</Unicode>
        </TextEquiv>
      </TextLine>
      <TextLine id="eSc_line_0419f1ed" >
        <Coords points="128,1963 126,1981 1265,2011 1269,1984 1269,1949 128,1929 128,1963"/>
        <Baseline points="128,1963 1269,1984"/>
        <TextEquiv conf="0.9999971027885165">
          <Unicode>Gefolgschaft: 5 Angestellte, 30 Arbeiter u. 9 Lehrlinge.</Unicode>
        </TextEquiv>
      </TextLine>
    </TextRegion>
    <TextRegion id="r_6_1"  >
      <Coords points="1416,353 2597,353 2597,1080 1416,1080"/>
      <TextLine id="eSc_line_7315134b" >
        <Coords points="2575,364 2553,364 2530,364 2507,364 2484,364 2461,364 2438,361 2415,361 2392,361 2369,361 2346,361 2323,361 2300,359 2278,359 2255,359 2232,359 2209,359 2186,359 2163,359 2140,357 2117,357 2094,357 2071,357 2048,357 2025,357 2003,355 1980,355 1957,355 1934,355 1911,355 1888,355 1865,352 1842,352 1819,352 1796,352 1773,352 1750,352 1728,352 1705,350 1682,350 1659,350 1636,350 1613,350 1590,350 1567,348 1544,348 1521,348 1498,348 1475,348 1453,348 1430,348 1430,380 1427,400 2589,419 2594,400 2592,364 2575,364"/>
        <Baseline points="1430,380 2594,400"/>
        <TextEquiv conf="0.9979128942770117">
          <Unicode>Fabrikationsprogramm: Dampf- u. Motorstraßenwalzen,</Unicode>
        </TextEquiv>
      </TextLine>
      <TextLine id="eSc_line_521b8752" >
        <Coords points="1430,421 1427,446 2585,462 2589,444 2587,410 1430,384 1430,421"/>
        <Baseline points="1430,421 2589,444"/>
        <TextEquiv conf="0.992151386087591">
          <Unicode>Straßenaufreißer u. Zubehörgeräte zu den Straßenwalzen-</Unicode>
        </TextEquiv>
      </TextLine>
      <TextLine id="eSc_line_b274d113" >
        <Coords points="1430,462 1427,478 2585,508 2589,485 2587,449 1430,433 1430,462"/>
        <Baseline points="1430,462 2589,485"/>
        <TextEquiv conf="0.9999618045985699">
          <Unicode>zügen. Fahrbare Dampfkolonnen. Anbaubandsägen zu</Unicode>
        </TextEquiv>
      </TextLine>
      <TextLine id="eSc_line_6c296183" >
        <Coords points="1432,506 1430,524 2585,545 2589,526 2587,492 1432,467 1432,506"/>
        <Baseline points="1432,506 2589,526"/>
        <TextEquiv conf="0.9906808539078786">
          <Unicode>Schlepper. Motorbandsägen bis 20 km Geschwindigkeit.</Unicode>
        </TextEquiv>
      </TextLine>
      <TextLine id="eSc_line_8cecdc3f" >
        <Coords points="1430,547 1427,572 2585,593 2589,570 2587,538 1430,513 1430,547"/>
        <Baseline points="1430,547 2589,570"/>
        <TextEquiv conf="0.9999997290697965">
          <Unicode>Alle Ersatzteile zu Dreschmaschinen, Lokomobilen in- u.</Unicode>
        </TextEquiv>
      </TextLine>
      <TextLine id="eSc_line_43dc6a02" >
        <Coords points="1430,588 1427,609 1805,616 1810,597 1808,565 1430,556 1430,588"/>
        <Baseline points="1430,588 1810,597"/>
        <TextEquiv conf="0.9999999205271403">
          <Unicode>ausländ. Herkunft.</Unicode>
        </TextEquiv>
      </TextLine>
      <TextLine id="eSc_line_c7afd50f" >
        <Coords points="1425,632 1423,650 1893,662 1897,636 1895,604 1425,597 1425,632"/>
        <Baseline points="1425,632 1897,636"/>
        <TextEquiv conf="0.9964445859193802">
          <Unicode>Kapital: RM 40 000.—</Unicode>
        </TextEquiv>
      </TextLine>
      <TextLine id="eSc_line_f272ba01" >
        <Coords points="1430,675 1427,694 2355,705 2360,689 2360,657 1430,643 1430,675"/>
        <Baseline points="1430,675 2360,689"/>
        <TextEquiv conf="0.988894951052782">
          <Unicode>Geschäftsführer: Hans u. Adolf Henninger.</Unicode>
        </TextEquiv>
      </TextLine>
      <TextLine id="eSc_line_872e8d6b" >
        <Coords points="1606,680 1601,678 1519,678 1514,678 1491,678 1469,678 1446,678 1443,675 1423,675 1423,714 1420,737 2580,760 2585,735 2582,703 1615,680 1606,680"/>
        <Baseline points="1423,714 2585,735"/>
        <TextEquiv conf="0.9999989448709691">
          <Unicode>Bankverbindung: Deutsche Bank u. Disconto-Ges.,</Unicode>
        </TextEquiv>
      </TextLine>
      <TextLine id="eSc_line_00d56a91" >
        <Coords points="1423,753 1420,774 1638,781 1643,758 1640,726 1423,721 1423,753"/>
        <Baseline points="1423,753 1643,758"/>
        <TextEquiv conf="0.9999999046325684">
          <Unicode>Darmstadt.</Unicode>
        </TextEquiv>
      </TextLine>
      <TextLine id="eSc_line_978915d9" >
        <Coords points="1420,799 1418,817 2019,827 2023,808 2021,767 1420,758 1420,799"/>
        <Baseline points="1420,799 2023,808"/>
        <TextEquiv conf="0.9998121431895665">
          <Unicode>Geschäftsjahr: 1./1.—31./12.</Unicode>
        </TextEquiv>
      </TextLine>
      <TextLine id="eSc_line_a61cb73b" >
        <Coords points="1418,882 2452,900 2456,882 2456,850 1794,827 1792,827 1762,829 1682,836 1666,827 1663,824 1661,824 1659,824 1656,824 1624,824 1466,831 1423,820 1420,863 1418,882"/>
        <Baseline points="1420,863 2456,882"/>
        <TextEquiv conf="0.9981224258740743">
          <Unicode>Grundbesitz: 15 200 qm, davon 4000 qm bebaut.</Unicode>
        </TextEquiv>
      </TextLine>
      <TextLine id="eSc_line_68029e3d" >
        <Coords points="1420,904 1418,923 2575,950 2580,927 2578,886 1420,870 1420,904"/>
        <Baseline points="1420,904 2580,927"/>
        <TextEquiv conf="0.9959647924292321">
          <Unicode>Anlagen: Montagewerkstätten; Dreherei, Schlosserei,</Unicode>
        </TextEquiv>
      </TextLine>
      <TextLine id="eSc_line_08eccffb" >
        <Coords points="1420,946 1418,966 2578,992 2582,966 2582,932 1420,916 1420,946"/>
        <Baseline points="1420,946 2582,966"/>
        <TextEquiv conf="0.9999998891562746">
          <Unicode>Schmiede, Kesselschmiede, Elektroschweißerei; Tischlerei.</Unicode>
        </TextEquiv>
      </TextLine>
      <TextLine id="eSc_line_b6bb8430" >
        <Coords points="1418,987 1416,1005 2575,1028 2580,1010 2578,980 1418,953 1418,987"/>
        <Baseline points="1418,987 2580,1010"/>
        <TextEquiv conf="0.9999059786399206">
          <Unicode>Besondere Angaben: Das Unternehmen ist aus einer</Unicode>
        </TextEquiv>
      </TextLine>
      <TextLine id="eSc_line_ab55459b" >
        <Coords points="1416,1033 1414,1060 2333,1067 2337,1047 2335,1014 1416,994 1416,1033"/>
        <Baseline points="1416,1033 2337,1047"/>
        <TextEquiv conf="0.9999066477730161">
          <Unicode>kleinen Reparaturwerkstatt hervorgegangen.</Unicode>
        </TextEquiv>
      </TextLine>
    </TextRegion>
    <TextRegion id="r_7_1"  >
      <Coords points="1410,1151 2577,1151 2577,1539 1410,1539"/>
      <TextLine id="eSc_line_56d8a750" >
        <Coords points="1414,1195 1411,1214 1854,1225 1858,1202 1858,1159 1826,1145 1824,1145 1821,1145 1741,1157 1711,1159 1414,1143 1414,1195"/>
        <Baseline points="1414,1195 1858,1202"/>
        <TextEquiv conf="1.0">
          <Unicode>Max Henschel,</Unicode>
        </TextEquiv>
      </TextLine>
      <TextLine id="eSc_line_63f24f5b" >
        <Coords points="1411,1269 1409,1289 2417,1317 2422,1289 2422,1241 2404,1228 2401,1228 2399,1228 2397,1228 2335,1239 2294,1225 2291,1225 2289,1225 2287,1225 2255,1237 2147,1223 2145,1223 2142,1223 2140,1223 2126,1234 2085,1221 2083,1221 2080,1221 1993,1234 1897,1234 1881,1218 1879,1218 1876,1218 1874,1218 1815,1230 1787,1216 1785,1216 1783,1216 1544,1225 1524,1225 1519,1225 1462,1209 1459,1209 1457,1209 1455,1209 1411,1221 1411,1269"/>
        <Baseline points="1411,1269 2422,1289"/>
        <TextEquiv conf="0.9999999824692222">
          <Unicode>Armaturenfabrik u. Metallgießerei,</Unicode>
        </TextEquiv>
      </TextLine>
      <TextLine id="eSc_line_2c11216e" >
        <Coords points="1411,1342 1409,1376 2188,1376 2190,1354 2190,1310 2140,1294 2138,1294 2135,1294 2133,1294 2092,1305 2087,1308 2078,1305 2032,1292 2030,1292 2028,1292 1927,1301 1879,1305 1821,1305 1815,1299 1808,1292 1808,1289 1805,1289 1803,1289 1801,1289 1762,1296 1725,1303 1714,1294 1702,1287 1700,1287 1698,1287 1695,1287 1693,1287 1666,1294 1636,1301 1624,1292 1618,1287 1615,1287 1613,1287 1508,1285 1505,1285 1503,1285 1501,1285 1496,1289 1482,1299 1411,1287 1411,1342"/>
        <Baseline points="1411,1342 2190,1354"/>
        <TextEquiv conf="0.9998805448412895">
          <Unicode>Bad Blankenburg (Thür.).</Unicode>
        </TextEquiv>
      </TextLine>
      <TextLine id="eSc_line_eb796929" >
        <Coords points="1409,1425 1707,1429 1711,1409 1709,1374 1453,1374 1414,1360 1411,1404 1409,1425"/>
        <Baseline points="1411,1404 1711,1409"/>
        <TextEquiv conf="0.999998899606558">
          <Unicode>Fernruf: 279.</Unicode>
        </TextEquiv>
      </TextLine>
      <TextLine id="eSc_line_1a637c1e" >
        <Coords points="1414,1450 1411,1468 2188,1482 2193,1459 2193,1427 1414,1413 1414,1450"/>
        <Baseline points="1414,1450 2193,1459"/>
        <TextEquiv conf="0.9999999776482582">
          <Unicode>Fabrikationsprogramm: Armaturen.</Unicode>
        </TextEquiv>
      </TextLine>
      <TextLine id="eSc_line_1e31a354" >
        <Coords points="1411,1493 1409,1512 2142,1525 2147,1505 2145,1473 1411,1461 1411,1493"/>
        <Baseline points="1411,1493 2147,1505"/>
        <TextEquiv conf="0.9939321532393947">
          <Unicode>Postscheck-Konto: 40 601 Leipzig.</Unicode>
        </TextEquiv>
      </TextLine>
    </TextRegion>
    <TextRegion id="r_4_1"  >
      <Coords points="105,2055 1271,2055 1271,3307 105,3307"/>
      <TextLine id="eSc_line_b342e08e" >
        <Coords points="123,2098 121,2116 414,2135 417,2135 483,2123 485,2105 485,2059 451,2045 449,2045 446,2045 444,2045 442,2045 426,2059 423,2062 368,2062 330,2055 247,2041 245,2041 242,2041 215,2048 190,2055 123,2045 123,2098"/>
        <Baseline points="123,2098 485,2105"/>
        <TextEquiv conf="0.9900182833274206">
          <Unicode>Fr. Henning,</Unicode>
        </TextEquiv>
      </TextLine>
      <TextLine id="eSc_line_aa142f6c" >
        <Coords points="123,2171 121,2190 183,2204 185,2204 245,2194 249,2194 254,2194 304,2206 307,2206 588,2204 749,2204 765,2208 781,2215 783,2215 1175,2220 1180,2190 1180,2151 1120,2133 1118,2133 1116,2133 1113,2133 1084,2146 1081,2149 1079,2146 1061,2133 1058,2133 1056,2133 1054,2133 1051,2133 1022,2144 1015,2146 1006,2144 955,2130 953,2130 951,2130 948,2130 928,2142 916,2146 900,2139 866,2128 864,2128 861,2128 859,2128 822,2137 797,2144 770,2135 737,2126 735,2126 733,2126 694,2133 653,2142 584,2142 568,2128 561,2123 559,2123 556,2123 554,2123 501,2126 378,2135 275,2119 256,2116 254,2116 252,2116 249,2116 220,2133 123,2114 123,2171"/>
        <Baseline points="123,2171 1180,2190"/>
        <TextEquiv conf="0.9999998001491323">
          <Unicode>Maschinenfabrik u. Gesenkschmiede,</Unicode>
        </TextEquiv>
      </TextLine>
      <TextLine id="eSc_line_1d972140" >
        <Coords points="121,2240 119,2268 330,2279 332,2279 389,2270 412,2268 417,2270 433,2281 435,2281 437,2281 440,2281 497,2272 511,2270 517,2272 552,2284 554,2284 556,2284 607,2272 609,2272 611,2272 641,2286 643,2286 646,2286 708,2272 710,2254 710,2213 664,2197 662,2197 660,2197 600,2208 586,2210 568,2206 515,2192 513,2192 456,2192 453,2192 451,2192 449,2192 440,2199 428,2208 391,2197 389,2197 387,2197 385,2197 380,2197 316,2206 121,2183 121,2240"/>
        <Baseline points="121,2240 710,2254"/>
        <TextEquiv conf="0.9861417318645277">
          <Unicode>Metzingen (Württ.).</Unicode>
        </TextEquiv>
      </TextLine>
      <TextLine id="eSc_line_f12921e0" >
        <Coords points="121,2307 119,2327 1031,2352 1035,2325 1035,2291 121,2275 121,2307"/>
        <Baseline points="121,2307 1035,2325"/>
        <TextEquiv conf="0.9963203072547913">
          <Unicode>Fernruf: 341/342. Drahtanschrift: henning</Unicode>
        </TextEquiv>
      </TextLine>
      <TextLine id="eSc_line_186cb63c" >
        <Coords points="123,2348 121,2369 786,2387 790,2362 788,2330 123,2316 123,2348"/>
        <Baseline points="123,2348 790,2362"/>
        <TextEquiv conf="0.9998683083441949">
          <Unicode>Gründung: 1860; seit 1933 K.-G.</Unicode>
        </TextEquiv>
      </TextLine>
      <TextLine id="eSc_line_6ccd10f3" >
        <Coords points="121,2391 119,2410 1262,2437 1267,2410 1267,2373 190,2364 121,2350 121,2391"/>
        <Baseline points="121,2391 1267,2410"/>
        <TextEquiv conf="0.9999221458154566">
          <Unicode>Fabrikationsprogramm: Keilnutenstoß-, Gerberei- und</Unicode>
        </TextEquiv>
      </TextLine>
      <TextLine id="eSc_line_f0f4ee14" >
        <Coords points="123,2430 121,2456 1258,2476 1262,2456 1260,2426 123,2394 123,2430"/>
        <Baseline points="123,2430 1262,2456"/>
        <TextEquiv conf="0.9999710144820037">
          <Unicode>Blechabkantmaschinen. Gesenkschmiedeteile aller Art im</Unicode>
        </TextEquiv>
      </TextLine>
      <TextLine id="eSc_line_d54f6382" >
        <Coords points="121,2472 119,2488 185,2504 187,2504 288,2497 309,2497 327,2499 385,2511 387,2511 419,2504 433,2501 437,2506 444,2511 444,2513 446,2513 449,2513 451,2513 478,2508 497,2504 699,2517 703,2492 703,2460 121,2442 121,2472"/>
        <Baseline points="121,2472 703,2492"/>
        <TextEquiv conf="0.9999990463256836">
          <Unicode>Gewicht von 50 g bis 25 kg.</Unicode>
        </TextEquiv>
      </TextLine>
      <TextLine id="eSc_line_aceef062" >
        <Coords points="126,2520 123,2545 570,2545 572,2524 570,2492 126,2481 126,2520"/>
        <Baseline points="126,2520 572,2524"/>
        <TextEquiv conf="0.9879081306003389">
          <Unicode>Kapital: RM 232 860.—</Unicode>
        </TextEquiv>
      </TextLine>
      <TextLine id="eSc_line_a847168c" >
        <Coords points="121,2559 119,2575 249,2591 1255,2600 1260,2579 1260,2540 121,2524 121,2559"/>
        <Baseline points="121,2559 1260,2579"/>
        <TextEquiv conf="0.9999475607685014">
          <Unicode>Gesellschafter: Dipl.-Ing. Ernst u. Gustav Henning,</Unicode>
        </TextEquiv>
      </TextLine>
      <TextLine id="eSc_line_d73a406d" >
        <Coords points="121,2600 119,2621 960,2643 964,2616 962,2584 121,2563 121,2600"/>
        <Baseline points="121,2600 964,2616"/>
        <TextEquiv conf="0.9999454885721206">
          <Unicode>Metzingen; Frau Anna Henning, Stuttgart.</Unicode>
        </TextEquiv>
      </TextLine>
      <TextLine id="eSc_line_c4e9acc1" >
        <Coords points="121,2641 119,2662 1255,2696 1260,2666 1260,2637 121,2611 121,2641"/>
        <Baseline points="121,2641 1260,2666"/>
        <TextEquiv conf="0.999966826576453">
          <Unicode>Geschäftsführer: Dipl.-Ing. Ernst u. Gustav Henning,</Unicode>
        </TextEquiv>
      </TextLine>
      <TextLine id="eSc_line_30b43d4d" >
        <Coords points="119,2682 116,2703 302,2712 307,2687 304,2657 119,2646 119,2682"/>
        <Baseline points="119,2682 307,2687"/>
        <TextEquiv conf="0.999995744228363">
          <Unicode>Metzingen.</Unicode>
        </TextEquiv>
      </TextLine>
      <TextLine id="eSc_line_10858451" >
        <Coords points="119,2728 116,2749 1118,2779 1120,2779 1260,2767 1262,2747 1260,2714 119,2689 119,2728"/>
        <Baseline points="119,2728 1262,2747"/>
        <TextEquiv conf="0.9999503617485365">
          <Unicode>Bankverbindungen: Gewerbebank Metzingen, Reichs-</Unicode>
        </TextEquiv>
      </TextLine>
      <TextLine id="eSc_line_b430309b" >
        <Coords points="119,2769 116,2788 440,2799 444,2776 442,2744 119,2731 119,2769"/>
        <Baseline points="119,2769 444,2776"/>
        <TextEquiv conf="1.0">
          <Unicode>bank Reutlingen.</Unicode>
        </TextEquiv>
      </TextLine>
      <TextLine id="eSc_line_5b3a8af9" >
        <Coords points="116,2811 114,2829 841,2845 845,2827 845,2795 116,2772 116,2811"/>
        <Baseline points="116,2811 845,2827"/>
        <TextEquiv conf="0.9999636646473047">
          <Unicode>Postscheck-Konnto: 919 Stuttgart.</Unicode>
        </TextEquiv>
      </TextLine>
      <TextLine id="eSc_line_6151b517" >
        <Coords points="116,2850 114,2870 687,2889 692,2866 689,2836 116,2820 116,2850"/>
        <Baseline points="116,2850 692,2866"/>
        <TextEquiv conf="0.9948033967188427">
          <Unicode>Geschäftsjahr: 1./1.—31./12.</Unicode>
        </TextEquiv>
      </TextLine>
      <TextLine id="eSc_line_f1cda2e5" >
        <Coords points="114,2916 112,2937 685,2962 687,2962 1255,2960 1258,2939 1255,2907 914,2889 912,2889 852,2898 847,2898 843,2898 797,2886 795,2886 792,2886 731,2895 721,2895 252,2889 247,2886 231,2875 229,2875 226,2875 224,2875 114,2882 114,2916"/>
        <Baseline points="114,2916 1258,2939"/>
        <TextEquiv conf="0.9907606570225842">
          <Unicode>Grundbesitz: 15 000 qm, davon 4128 qm bebaut; gesamte</Unicode>
        </TextEquiv>
      </TextLine>
      <TextLine id="eSc_line_f3f00b60" >
        <Coords points="119,2960 116,2978 508,2994 513,2969 511,2934 119,2921 119,2960"/>
        <Baseline points="119,2960 513,2969"/>
        <TextEquiv conf="0.999988715899618">
          <Unicode>Nutzfläche: 2703 qm</Unicode>
        </TextEquiv>
      </TextLine>
      <TextLine id="eSc_line_bb6a7359" >
        <Coords points="114,3001 112,3024 1246,3049 1251,3024 1251,2994 114,2964 114,3001"/>
        <Baseline points="114,3001 1251,3024"/>
        <TextEquiv conf="0.9956146947881008">
          <Unicode>Anlagen: Mechanische Werkstatt, Gesenkschmiede,</Unicode>
        </TextEquiv>
      </TextLine>
      <TextLine id="eSc_line_b04ff4cb" >
        <Coords points="119,3042 116,3063 1246,3083 1251,3063 1249,3033 119,3008 119,3042"/>
        <Baseline points="119,3042 1251,3063"/>
        <TextEquiv conf="0.9962097081271085">
          <Unicode>Glüherei, Beizerei. Vergütungsanlage. Sandstrahlanlage.</Unicode>
        </TextEquiv>
      </TextLine>
      <TextLine id="eSc_line_b9fd2c00" >
        <Coords points="112,3086 110,3104 1246,3127 1251,3109 1251,3076 112,3049 112,3086"/>
        <Baseline points="112,3086 1251,3109"/>
        <TextEquiv conf="0.9846311418377623">
          <Unicode>Eigene Vertretung in Berlin: Ed. Schoening, Bln.-</Unicode>
        </TextEquiv>
      </TextLine>
      <TextLine id="eSc_line_6a8ea632" >
        <Coords points="112,3125 110,3145 891,3166 896,3143 893,3109 112,3088 112,3125"/>
        <Baseline points="112,3125 896,3143"/>
        <TextEquiv conf="0.9927060459111188">
          <Unicode>Niederschönhausen, Kronprinzenstr. 27</Unicode>
        </TextEquiv>
      </TextLine>
      <TextLine id="eSc_line_b260be09" >
        <Coords points="110,3168 107,3189 1244,3212 1249,3191 1249,3161 110,3131 110,3168"/>
        <Baseline points="110,3168 1249,3191"/>
        <TextEquiv conf="0.9946061166433188">
          <Unicode>Eigene Vertretungen im Ausland: Schweiz, Österreich.</Unicode>
        </TextEquiv>
      </TextLine>
      <TextLine id="eSc_line_254a307b" >
        <Coords points="112,3209 110,3230 1242,3255 1246,3235 1244,3205 112,3177 112,3209"/>
        <Baseline points="112,3209 1246,3235"/>
        <TextEquiv conf="0.9999998644286511">
          <Unicode>Gefolgschaft: 187 Arbeiter (17 Lehrlinge) u. 17 An-</Unicode>
        </TextEquiv>
      </TextLine>
      <TextLine id="eSc_line_07b25eb2" >
        <Coords points="110,3255 107,3278 533,3292 538,3269 536,3237 110,3223 110,3255"/>
        <Baseline points="110,3255 538,3269"/>
        <TextEquiv conf="0.9999992951102878">
          <Unicode>gestellte (1 Lehrling).</Unicode>
        </TextEquiv>
      </TextLine>
    </TextRegion>
    <TextRegion id="r_1_1"  >
      <Coords points="2064,212 2595,212 2595,290 2064,290"/>
      <TextLine id="eSc_line_f3afe5da" >
        <Coords points="2589,215 2344,206 2335,206 2326,203 2294,203 2289,203 2266,203 2243,203 2220,203 2197,201 2174,201 2165,201 2076,208 2062,235 2060,249 2058,268 2193,286 2195,286 2326,274 2367,288 2369,288 2539,290 2541,290 2596,277 2598,258 2596,235 2589,215"/>
        <Baseline points="2060,249 2598,258"/>
        <TextEquiv conf="0.9995510262601516">
          <Unicode>Hennig — Henschel</Unicode>
        </TextEquiv>
      </TextLine>
    </TextRegion>
    <TextRegion id="r_8_1"  >
      <Coords points="1371,1598 2573,1598 2573,3687 1371,3687"/>
      <TextLine id="eSc_line_93a4d79a" >
        <Coords points="1404,1645 1402,1661 2142,1674 2147,1658 2147,1617 2094,1599 2092,1599 2090,1599 2087,1599 2051,1612 2051,1615 2005,1615 2003,1612 1986,1599 1986,1596 1984,1596 1982,1596 1980,1596 1977,1596 1975,1596 1975,1599 1961,1610 1959,1615 1902,1615 1890,1608 1870,1594 1867,1594 1865,1594 1863,1594 1785,1603 1753,1608 1746,1603 1734,1594 1734,1592 1732,1592 1730,1592 1728,1592 1725,1592 1700,1601 1684,1608 1675,1601 1666,1592 1663,1592 1661,1592 1565,1592 1563,1592 1560,1592 1551,1596 1526,1606 1494,1594 1475,1587 1473,1587 1471,1587 1404,1590 1404,1645"/>
        <Baseline points="1404,1645 2147,1658"/>
        <TextEquiv conf="0.9999408505179666">
          <Unicode>Henschel &amp; Sohn A.-G.,</Unicode>
        </TextEquiv>
      </TextLine>
      <TextLine id="eSc_line_e4094dd5" >
        <Coords points="1407,1713 1404,1741 2154,1748 2158,1727 2158,1688 2032,1670 2030,1670 1975,1679 1952,1683 1934,1679 1904,1667 1902,1667 1899,1667 1897,1667 1879,1677 1867,1681 1851,1674 1831,1667 1828,1667 1826,1667 1824,1667 1821,1667 1812,1674 1796,1681 1725,1681 1679,1667 1659,1663 1656,1663 1654,1663 1622,1665 1533,1677 1407,1658 1407,1713"/>
        <Baseline points="1407,1713 2158,1727"/>
        <TextEquiv conf="0.9999066781997681">
          <Unicode>Kassel, Henschelstraße 2.</Unicode>
        </TextEquiv>
      </TextLine>
      <TextLine id="eSc_line_cdc61597" >
        <Coords points="1404,1780 1402,1807 2346,1814 2351,1796 2349,1761 1404,1738 1404,1780"/>
        <Baseline points="1404,1780 2351,1796"/>
        <TextEquiv conf="0.9999791470969596">
          <Unicode>Fernruf: 5521. Drahtanschrift: lokomotive</Unicode>
        </TextEquiv>
      </TextLine>
      <TextLine id="eSc_line_ccf3f5cb" >
        <Coords points="1407,1826 1404,1844 2097,1853 2101,1835 2099,1800 1407,1791 1407,1826"/>
        <Baseline points="1407,1826 2101,1835"/>
        <TextEquiv conf="0.9997586357978082">
          <Unicode>Gründung: 1810; seit 1929 A.-G.</Unicode>
        </TextEquiv>
      </TextLine>
      <TextLine id="eSc_line_e8fd8d1e" >
        <Coords points="1402,1864 1400,1887 2562,1906 2566,1885 2566,1855 1402,1830 1402,1864"/>
        <Baseline points="1402,1864 2566,1885"/>
        <TextEquiv conf="0.9965304064750672">
          <Unicode>Fabrikationsprogramm: Lokomotiven; Nutzkraftwagen;</Unicode>
        </TextEquiv>
      </TextLine>
      <TextLine id="eSc_line_faedee40" >
        <Coords points="1407,1908 1404,1926 2559,1949 2564,1929 2562,1890 1407,1869 1407,1908"/>
        <Baseline points="1407,1908 2564,1929"/>
        <TextEquiv conf="0.9999823073546091">
          <Unicode>Maschinen jeder Art. Betrieb von Bergwerksunternehmen.</Unicode>
        </TextEquiv>
      </TextLine>
      <TextLine id="eSc_line_6b685e20" >
        <Coords points="1402,1949 1400,1972 1915,1974 1920,1956 1918,1924 1402,1913 1402,1949"/>
        <Baseline points="1402,1949 1920,1956"/>
        <TextEquiv conf="0.9999998112519582">
          <Unicode>Kapital: RM 45 000 000.—</Unicode>
        </TextEquiv>
      </TextLine>
      <TextLine id="eSc_line_39118307" >
        <Coords points="1404,1993 1402,2011 2559,2027 2564,2009 2562,1974 1404,1958 1404,1993"/>
        <Baseline points="1404,1993 2564,2009"/>
        <TextEquiv conf="0.9999993399337486">
          <Unicode>Großaktionär: Henschel Verwaltung G. m. b. H., Kassel.</Unicode>
        </TextEquiv>
      </TextLine>
      <TextLine id="eSc_line_036678dd" >
        <Coords points="1402,2032 1400,2048 2557,2078 2562,2052 2559,2023 1402,1997 1402,2032"/>
        <Baseline points="1402,2032 2562,2052"/>
        <TextEquiv conf="0.99796116585825">
          <Unicode>Direktion: Oscar R. Henschel, Vorsitzender des Vor-</Unicode>
        </TextEquiv>
      </TextLine>
      <TextLine id="eSc_line_b013e9e7" >
        <Coords points="1402,2075 1400,2091 2559,2121 2564,2096 2562,2064 1402,2043 1402,2075"/>
        <Baseline points="1402,2075 2564,2096"/>
        <TextEquiv conf="0.9919563222814489">
          <Unicode>standes; Dr. ing. Richard Fichtner, Vorstandsmitglied;</Unicode>
        </TextEquiv>
      </TextLine>
      <TextLine id="eSc_line_ccc75a66" >
        <Coords points="1402,2116 1400,2135 2129,2153 2133,2130 2131,2098 1402,2078 1402,2116"/>
        <Baseline points="1402,2116 2133,2130"/>
        <TextEquiv conf="0.9931195735931396">
          <Unicode>Dr. ing. Fritz Hinz, Dr. Leo Rothe.</Unicode>
        </TextEquiv>
      </TextLine>
      <TextLine id="eSc_line_c9ff3aef" >
        <Coords points="1400,2158 1398,2176 2557,2204 2562,2176 2559,2144 1400,2119 1400,2158"/>
        <Baseline points="1400,2158 2562,2176"/>
        <TextEquiv conf="0.9999760950987155">
          <Unicode>Prokuristen: Ebert, Filehr, Hardebeck, Heise, Kolbe,</Unicode>
        </TextEquiv>
      </TextLine>
      <TextLine id="eSc_line_2fcf884b" >
        <Coords points="1400,2201 1398,2224 2211,2231 2216,2210 2213,2181 1400,2162 1400,2201"/>
        <Baseline points="1400,2201 2216,2210"/>
        <TextEquiv conf="0.9963117966780791">
          <Unicode>Krahl, Loewentraut, Mosemann, Müller.</Unicode>
        </TextEquiv>
      </TextLine>
      <TextLine id="eSc_line_6b296d04" >
        <Coords points="1398,2242 1395,2263 2557,2286 2562,2263 2559,2231 1398,2210 1398,2242"/>
        <Baseline points="1398,2242 2562,2263"/>
        <TextEquiv conf="0.9997369599342346">
          <Unicode>Aufsichtsrat: Vors.: R.-A. Dr. jur. Ernst Mangold,</Unicode>
        </TextEquiv>
      </TextLine>
      <TextLine id="eSc_line_d8eb80e3" >
        <Coords points="1398,2284 1395,2304 2420,2323 2424,2300 2422,2268 1398,2247 1398,2284"/>
        <Baseline points="1398,2284 2424,2300"/>
        <TextEquiv conf="0.9989252042770386">
          <Unicode>Kassel; Stellv.: Dr. jur. Robert Henschel, Berlin.</Unicode>
        </TextEquiv>
      </TextLine>
      <TextLine id="eSc_line_48a438bf" >
        <Coords points="1395,2325 1393,2343 2550,2371 2555,2346 2553,2316 1395,2293 1395,2325"/>
        <Baseline points="1395,2325 2555,2346"/>
        <TextEquiv conf="0.9996353533803201">
          <Unicode>Bankverbindungen: Deutsche Bank u. Disconto-Ges.,</Unicode>
        </TextEquiv>
      </TextLine>
      <TextLine id="eSc_line_9b0d37e4" >
        <Coords points="1398,2364 1395,2385 2550,2407 2555,2387 2553,2357 1398,2330 1398,2364"/>
        <Baseline points="1398,2364 2555,2387"/>
        <TextEquiv conf="0.9910353838272814">
          <Unicode>Dresdner Bank, Commerz u. Privat-Bank A.-G., Berliner</Unicode>
        </TextEquiv>
      </TextLine>
      <TextLine id="eSc_line_d07a9eee" >
        <Coords points="1395,2407 1393,2428 2553,2451 2557,2430 2555,2396 1395,2373 1395,2407"/>
        <Baseline points="1395,2407 2557,2430"/>
        <TextEquiv conf="0.9999934647764478">
          <Unicode>Handelsgesellschaft, Reichskreditgesellschaft, Schweize-</Unicode>
        </TextEquiv>
      </TextLine>
      <TextLine id="eSc_line_2b62b7e9" >
        <Coords points="1395,2451 1393,2474 2250,2485 2255,2467 2252,2435 1395,2414 1395,2451"/>
        <Baseline points="1395,2451 2255,2467"/>
        <TextEquiv conf="0.9850036844611167">
          <Unicode>rischer Bankverein, Kleinmert Sous, Ltd.</Unicode>
        </TextEquiv>
      </TextLine>
      <TextLine id="eSc_line_3d81fc4c" >
        <Coords points="1393,2495 1391,2513 2005,2531 2009,2504 2007,2472 1393,2462 1393,2495"/>
        <Baseline points="1393,2495 2009,2504"/>
        <TextEquiv conf="0.9999999446528298">
          <Unicode>Geschäftsjahr: Kalenderjahr.</Unicode>
        </TextEquiv>
      </TextLine>
      <TextLine id="eSc_line_a4b95406" >
        <Coords points="1395,2556 1393,2572 2484,2602 2488,2577 2488,2543 2365,2524 2362,2524 2273,2533 2250,2522 2248,2522 2055,2520 2053,2520 2051,2520 2016,2531 2007,2533 1998,2531 1975,2520 1973,2520 1970,2520 1911,2529 1886,2531 1854,2527 1762,2513 1760,2513 1757,2513 1730,2524 1723,2529 1643,2529 1631,2522 1608,2511 1606,2511 1604,2511 1601,2511 1579,2520 1569,2524 1395,2517 1395,2556"/>
        <Baseline points="1395,2556 2488,2577"/>
        <TextEquiv conf="0.9946210724966866">
          <Unicode>Grundbesitz: 660 000 qm, davon 222 300 qm bebaut.</Unicode>
        </TextEquiv>
      </TextLine>
      <TextLine id="eSc_line_bdcdec12" >
        <Coords points="1391,2600 1388,2618 2539,2632 2543,2616 2543,2584 1391,2566 1391,2600"/>
        <Baseline points="1391,2600 2543,2616"/>
        <TextEquiv conf="0.9999999878357868">
          <Unicode>Anlagen: 1. Werk Kassel: Mit Lokomotiv-Montage. —</Unicode>
        </TextEquiv>
      </TextLine>
      <TextLine id="eSc_line_1efe1aa8" >
        <Coords points="1391,2641 1388,2662 2546,2678 2550,2659 2548,2627 1391,2604 1391,2641"/>
        <Baseline points="1391,2641 2550,2659"/>
        <TextEquiv conf="0.9988829740938151">
          <Unicode>2. Werk Rothenditmold: Mit Hammer- u. Kesselschmiede.</Unicode>
        </TextEquiv>
      </TextLine>
      <TextLine id="eSc_line_e26ed547" >
        <Coords points="1398,2682 1395,2698 2546,2728 2550,2705 2548,2671 1398,2648 1398,2682"/>
        <Baseline points="1398,2682 2550,2705"/>
        <TextEquiv conf="0.9874769261008814">
          <Unicode>— 3. Werk Mittelfeld: Mit Graugießerei u. Metallgießerei;</Unicode>
        </TextEquiv>
      </TextLine>
      <TextLine id="eSc_line_82b41c9e" >
        <Coords points="1391,2721 1388,2744 2190,2760 2195,2737 2195,2701 1391,2685 1391,2721"/>
        <Baseline points="1391,2721 2195,2737"/>
        <TextEquiv conf="0.9999964237213135">
          <Unicode>im wesentlichen Nutzkraftwagenfabrik,</Unicode>
        </TextEquiv>
      </TextLine>
      <TextLine id="eSc_line_c1031094" >
        <Coords points="1388,2767 1386,2790 2546,2811 2550,2785 2548,2747 1388,2733 1388,2767"/>
        <Baseline points="1388,2767 2550,2785"/>
        <TextEquiv conf="0.9996023084603104">
          <Unicode>Eigene Vertretung in Berlin: Henschel &amp; Sohn A.-G.,</Unicode>
        </TextEquiv>
      </TextLine>
      <TextLine id="eSc_line_2b1e6ff4" >
        <Coords points="1391,2808 1388,2829 2188,2840 2193,2822 2190,2790 1391,2772 1391,2808"/>
        <Baseline points="1391,2808 2193,2822"/>
        <TextEquiv conf="0.9998484944042406">
          <Unicode>Büro Berlin, W 62, Kurfürstenstr. 133.</Unicode>
        </TextEquiv>
      </TextLine>
      <TextLine id="eSc_line_b85b2a34" >
        <Coords points="1388,2850 1386,2870 2543,2895 2548,2870 2546,2838 1388,2813 1388,2850"/>
        <Baseline points="1388,2850 2548,2870"/>
        <TextEquiv conf="0.9998738574531844">
          <Unicode>Tochtergesellschaften: Henschel Flugzeug-Werke A.-G.,</Unicode>
        </TextEquiv>
      </TextLine>
      <TextLine id="eSc_line_3d90042d" >
        <Coords points="1391,2895 1388,2921 2541,2932 2546,2907 2543,2877 1391,2857 1391,2895"/>
        <Baseline points="1391,2895 2546,2907"/>
        <TextEquiv conf="0.9976934459474351">
          <Unicode>Kassel. — Henschel Flugmotorenbau G. m. b. H., Kassel.</Unicode>
        </TextEquiv>
      </TextLine>
      <TextLine id="eSc_line_38bf6865" >
        <Coords points="1393,2932 1391,2950 2534,2978 2539,2953 2537,2923 1393,2902 1393,2932"/>
        <Baseline points="1393,2932 2539,2953"/>
        <TextEquiv conf="0.9997634589672089">
          <Unicode>—Ton- u. Ziegelwerke Möncheberg GmbH., Kassel. —</Unicode>
        </TextEquiv>
      </TextLine>
      <TextLine id="eSc_line_989ae1e1" >
        <Coords points="1388,2976 1386,3001 2539,3017 2543,2992 2541,2962 1388,2939 1388,2976"/>
        <Baseline points="1388,2976 2543,2992"/>
        <TextEquiv conf="0.9998869545319501">
          <Unicode>Henschel Warenversorgung G. m. b. H., Kassel. — So-</Unicode>
        </TextEquiv>
      </TextLine>
      <TextLine id="eSc_line_c6263b81" >
        <Coords points="1388,3019 1386,3038 2541,3058 2546,3035 2546,3001 1388,2987 1388,3019"/>
        <Baseline points="1388,3019 2546,3035"/>
        <TextEquiv conf="0.9999988469210538">
          <Unicode>cietà Anonima Macchine Ferroviarie e Stradali „Brevetti</Unicode>
        </TextEquiv>
      </TextLine>
      <TextLine id="eSc_line_bc03c801" >
        <Coords points="1386,3058 1384,3079 1766,3093 1771,3065 1769,3028 1386,3021 1386,3058"/>
        <Baseline points="1386,3058 1771,3065"/>
        <TextEquiv conf="0.9757294985983107">
          <Unicode>Henschel“, Milano.</Unicode>
        </TextEquiv>
      </TextLine>
      <TextLine id="eSc_line_9e1bf9f8" >
        <Coords points="1384,3102 1381,3122 2539,3136 2543,3120 2541,3090 1384,3063 1384,3102"/>
        <Baseline points="1384,3102 2543,3120"/>
        <TextEquiv conf="0.9957558624446392">
          <Unicode>Besondere Angaben: Das Unternehmen ist aus einem</Unicode>
        </TextEquiv>
      </TextLine>
      <TextLine id="eSc_line_49daf5e5" >
        <Coords points="1384,3141 1381,3159 2539,3180 2543,3161 2541,3129 1384,3111 1384,3141"/>
        <Baseline points="1384,3141 2543,3161"/>
        <TextEquiv conf="0.9918902847501967">
          <Unicode>Glocken- u. Stückgießereibetrieb hervorgegangen u. hat</Unicode>
        </TextEquiv>
      </TextLine>
      <TextLine id="eSc_line_11fc47d6" >
        <Coords points="1381,3184 1379,3205 2537,3221 2541,3202 2539,3170 1381,3154 1381,3184"/>
        <Baseline points="1381,3184 2541,3202"/>
        <TextEquiv conf="0.9999991178512573">
          <Unicode>sich allmählich seit Entstehung des Eisenbahnwesens zur</Unicode>
        </TextEquiv>
      </TextLine>
      <TextLine id="eSc_line_2ac65ca4" >
        <Coords points="1381,3230 1379,3251 2537,3260 2541,3241 2539,3205 1381,3196 1381,3230"/>
        <Baseline points="1381,3230 2541,3241"/>
        <TextEquiv conf="0.9923956978321076">
          <Unicode>größten Lokomotivfabrik Europas entwickelt. — 1848</Unicode>
        </TextEquiv>
      </TextLine>
      <TextLine id="eSc_line_114ad934" >
        <Coords points="1381,3269 1379,3294 2539,3303 2543,3285 2543,3255 1381,3239 1381,3269"/>
        <Baseline points="1381,3269 2543,3285"/>
        <TextEquiv conf="0.9997697192795423">
          <Unicode>Aufnahme des Lokomotivbaues. — 1925 wurde der Bau</Unicode>
        </TextEquiv>
      </TextLine>
      <TextLine id="eSc_line_c9f4e88b" >
        <Coords points="1381,3310 1379,3328 2537,3347 2541,3326 2539,3294 1381,3280 1381,3310"/>
        <Baseline points="1381,3310 2541,3326"/>
        <TextEquiv conf="0.9999976348876953">
          <Unicode>von Nutzkraftwagen aufgenommen, der für das Unter-</Unicode>
        </TextEquiv>
      </TextLine>
      <TextLine id="eSc_line_5e651f78" >
        <Coords points="1381,3351 1379,3377 2532,3388 2537,3370 2534,3331 1381,3319 1381,3351"/>
        <Baseline points="1381,3351 2537,3370"/>
        <TextEquiv conf="0.9999875475962957">
          <Unicode>nehmen eine große Bedeutung gewonnen hat. — 1931</Unicode>
        </TextEquiv>
      </TextLine>
      <TextLine id="eSc_line_ef8c1f3f" >
        <Coords points="1379,3395 1377,3420 2534,3434 2539,3411 2537,3381 1379,3358 1379,3395"/>
        <Baseline points="1379,3395 2539,3411"/>
        <TextEquiv conf="0.9972554206848144">
          <Unicode>kam die Vereinbarung mit der Hannoverschen Maschi-</Unicode>
        </TextEquiv>
      </TextLine>
      <TextLine id="eSc_line_ff873355" >
        <Coords points="1381,3438 1379,3466 2202,3466 2218,3466 2321,3477 2323,3477 2534,3466 2537,3450 2534,3416 1381,3404 1381,3438"/>
        <Baseline points="1381,3438 2537,3450"/>
        <TextEquiv conf="0.9999474920332432">
          <Unicode>nenbau-A.-G. (Hanomag), wonach der gesamte Loko-</Unicode>
        </TextEquiv>
      </TextLine>
      <TextLine id="eSc_line_3ae0fa60" >
        <Coords points="1379,3477 1377,3505 2534,3521 2539,3496 2539,3461 1379,3448 1379,3477"/>
        <Baseline points="1379,3477 2539,3496"/>
        <TextEquiv conf="0.9989356249570847">
          <Unicode>motivbau u. die Quote der Hanomag übernommen</Unicode>
        </TextEquiv>
      </TextLine>
      <TextLine id="eSc_line_253eae84" >
        <Coords points="1381,3521 1381,3542 1546,3542 1546,3521 1546,3493 1381,3493 1381,3521"/>
        <Baseline points="1381,3521 1546,3521"/>
        <TextEquiv conf="1.0">
          <Unicode>wurden.</Unicode>
        </TextEquiv>
      </TextLine>
      <TextLine id="eSc_line_16f76482" >
        <Coords points="1375,3562 1372,3583 2534,3603 2539,3578 2537,3546 1375,3526 1375,3562"/>
        <Baseline points="1375,3562 2539,3578"/>
        <TextEquiv conf="0.999898726189578">
          <Unicode>Das Unternehmen besitzt besondere Lehrlingswerkstätten</Unicode>
        </TextEquiv>
      </TextLine>
      <TextLine id="eSc_line_ce174a0a" >
        <Coords points="1379,3606 1377,3626 2530,3654 2534,3624 2532,3590 1379,3571 1379,3606"/>
        <Baseline points="1379,3606 2534,3624"/>
        <TextEquiv conf="0.9992024999553875">
          <Unicode>u. eine Lehrlingsschule, die als Berufsschule staatlich an-</Unicode>
        </TextEquiv>
      </TextLine>
      <TextLine id="eSc_line_dc6503e5" >
        <Coords points="1375,3649 1375,3704 1489,3704 1489,3702 1491,3702 1494,3702 1508,3690 1530,3679 1615,3681 1618,3649 1618,3619 1375,3613 1375,3649"/>
        <Baseline points="1375,3649 1618,3649"/>
        <TextEquiv conf="0.9999978343645731">
          <Unicode>erkannt ist.</Unicode>
        </TextEquiv>
      </TextLine>
    </TextRegion>
    <TextRegion id="r_5_1"  >
      <Coords points="101,3326 1254,3326 1254,3680 101,3680"/>
      <TextLine id="eSc_line_b92bddc0" >
        <Coords points="105,3372 103,3393 206,3409 208,3409 708,3409 951,3425 953,3425 1029,3413 1031,3393 1029,3349 946,3335 944,3335 941,3335 919,3345 912,3347 905,3345 884,3333 882,3333 880,3333 877,3333 875,3333 866,3342 854,3349 786,3349 765,3338 749,3331 747,3331 744,3331 699,3335 625,3345 607,3333 600,3326 598,3326 595,3326 593,3326 591,3326 588,3326 582,3331 568,3342 522,3328 517,3328 515,3328 513,3328 511,3328 508,3328 492,3340 362,3340 346,3326 343,3326 341,3326 339,3326 336,3326 311,3338 256,3319 254,3319 252,3319 105,3315 105,3372"/>
        <Baseline points="105,3372 1031,3393"/>
        <TextEquiv conf="0.999999915399859">
          <Unicode>A. Henninger &amp; Co., G. m. b. H.</Unicode>
        </TextEquiv>
      </TextLine>
      <TextLine id="eSc_line_de47b738" >
        <Coords points="105,3441 103,3468 515,3489 517,3489 593,3477 653,3491 655,3491 657,3491 731,3480 937,3496 939,3496 1210,3484 1212,3464 1210,3409 1125,3409 1122,3409 1120,3409 1093,3422 1077,3409 1077,3406 1074,3406 1072,3406 1070,3406 1067,3406 1001,3420 974,3406 971,3406 969,3406 967,3406 964,3406 964,3409 953,3420 912,3404 909,3404 907,3404 902,3404 827,3418 788,3402 786,3402 783,3402 781,3402 779,3402 774,3402 724,3416 710,3404 710,3402 708,3402 705,3402 703,3402 699,3402 550,3413 517,3400 515,3400 513,3400 511,3400 474,3411 460,3400 460,3397 458,3397 456,3397 453,3397 433,3397 293,3409 252,3395 240,3393 238,3393 236,3393 233,3393 224,3395 187,3406 105,3395 105,3441"/>
        <Baseline points="105,3441 517,3459 1212,3464"/>
        <TextEquiv conf="0.9937285678727287">
          <Unicode>Maschinenfabrik und Kesselschmiede,</Unicode>
        </TextEquiv>
      </TextLine>
      <TextLine id="eSc_line_7e9a5e0f" >
        <Coords points="103,3516 100,3537 868,3564 870,3564 1249,3558 1251,3537 1249,3496 1139,3480 1136,3480 960,3487 902,3489 859,3484 776,3475 774,3475 699,3480 634,3484 103,3466 103,3516"/>
        <Baseline points="103,3516 1251,3537"/>
        <TextEquiv conf="0.9889898676621286">
          <Unicode>Darmstadt, Pallaswiesenstraße 106/110.</Unicode>
        </TextEquiv>
      </TextLine>
      <TextLine id="eSc_line_330ade84" >
        <Coords points="100,3581 98,3610 1242,3624 1246,3601 1244,3569 100,3546 100,3581"/>
        <Baseline points="100,3581 563,3599 1246,3601"/>
        <TextEquiv conf="0.9992561166936701">
          <Unicode>Fernruf: 145. Drahtanschrift: maschinenfabrik henninger</Unicode>
        </TextEquiv>
      </TextLine>
      <TextLine id="eSc_line_319a7f0f" >
        <Coords points="103,3626 100,3661 174,3652 220,3665 226,3668 229,3668 893,3674 898,3642 893,3608 103,3594 103,3626"/>
        <Baseline points="103,3626 634,3645 898,3642"/>
        <TextEquiv conf="0.9959379434585571">
          <Unicode>Gründung: 1885; seit 1922 G. m. b. H.</Unicode>
        </TextEquiv>
      </TextLine>
    </TextRegion>
    <TextRegion id="r_9_1"  >
      <Coords points="104,3804 784,3804 784,3872 104,3872"/>
      <TextLine id="eSc_line_9a07dab9" >
        <Coords points="767,3810 756,3810 744,3810 721,3810 699,3810 676,3807 653,3807 630,3807 607,3805 584,3805 561,3805 559,3805 545,3807 538,3807 533,3807 520,3803 515,3803 492,3803 469,3803 446,3803 435,3800 417,3805 410,3805 405,3805 389,3800 378,3800 355,3798 332,3798 309,3798 286,3798 268,3796 206,3800 203,3800 181,3794 171,3794 148,3794 128,3794 123,3794 103,3823 103,3830 100,3858 183,3860 222,3885 224,3885 226,3885 407,3890 575,3892 577,3892 579,3892 582,3892 616,3871 687,3890 689,3890 692,3890 781,3869 783,3842 781,3826 767,3810"/>
        <Baseline points="103,3830 460,3846 783,3842"/>
        <TextEquiv conf="0.9757575149889346">
          <Unicode>16 Maschinen-Industrie 1937</Unicode>
        </TextEquiv>
      </TextLine>
    </TextRegion>
    <TextRegion id="r_10_1"  >
      <Coords points="2432,3822 2534,3822 2534,3885 2432,3885"/>
      <TextLine id="eSc_line_38f556e9" >
        <Coords points="2518,3816 2486,3805 2472,3805 2443,3814 2424,3846 2424,3862 2422,3890 2534,3890 2537,3867 2534,3844 2518,3816"/>
        <Baseline points="2424,3862 2537,3867"/>
        <TextEquiv conf="0.9999876817067465">
          <Unicode>241</Unicode>
        </TextEquiv>
      </TextLine>
    </TextRegion>
  </Page>
</PcGts>
