2796 4124
121 380 1290 449 Bankverbindungen: Reichsbank, Allgemeine Deutsche
121 433 550 485 Credit-Anstalt, Gera.
126 469 836 526 Postscheck-Konto: 3709 Leipzig.
123 517 708 570 Geschäftjahr: 1./1.—31./12.
123 568 907 634 Anlagen: Maschinenbau-Werkstätten.
121 618 1010 682 Eigene Vertretung im Ausland: Italien.
121 662 1012 728 Gefolgschaft: 200 Arbeiter u. Angestellte.
116 813 962 900 Textiling. Ernst Toennissen,
114 882 1239 973 München 27, Maria-Theresia Str. 19.
112 966 1281 1037 Fabrikationsprogramm: Textilmaschineneinzelteile. &
114 1129 1047 1218 M. Tomanek & Cie. G. m. b. H.,
114 1200 556 1289 Lahr (Baden).
1232 1211 1271 1287 N
114 1376 859 1468 Felix Tonnar G. m. b. H.
119 1454 1118 1532 Maschinenfabrik u. Eisengießerei,
114 1521 607 1615 Dülken (Rhld.).
121 1615 1207 1670 Fernruf: 5345/46 Viersen. Drahtanschrift: tonnar
121 1658 914 1716 Gründung: 1867; seit 1928 G. m. b. H.
121 1700 1287 1759 Fabrikationsprogramm: Webstühle u. Vorbereitungs-
121 1743 1283 1800 maschinen für die gesamte Samt-, Plüsch-, Moquette-,
123 1782 1283 1844 Krimmer-, Teppich- u. Seidenindustrie. Spinnmaschinen.
123 1828 621 1885 Kapital: RM 435 200.—
126 1860 1285 1926 Vorstand: Paul Born, Dülken; Ernst Schnitzler, Düssel-
121 1908 222 1963 dorf.
121 1952 987 2007 Prokuristen: Peter Immes, Johann Pex.
123 1993 1194 2052 Aufsichtsrat: Vors.: Ernst Schnitzler, Düsseldorf.
123 2034 1290 2094 Bankverbindungen: Reichsbank, Dülken; Deutsche
123 2078 779 2135 Bank u. Disconto-Ges.. Viersen.
121 2119 818 2171 Postscheck-Konto: 38 605 Köln.
119 2160 751 2220 Geschäftsjahr: Kalenderjahr.
121 2229 1290 2286 Grundbesitz: 27 750 qm, davon 8927 qm bebaut; gesamte
126 2268 584 2330 Nutzfläche: 36 700 qm.
121 2311 1287 2369 Anlagen: Maschinenbau-Werkstätten. Eisengießerei; Mo-
126 2352 391 2412 delltischlerei.
123 2387 1287 2453 Eigene Vertretung in Berlin: Paul Zepp, NW 18,
121 2437 458 2495 Cotheniusstr. 16.
123 2478 1287 2538 Eigene Vertretungen im Ausland: Amerika, Belgien,
123 2520 1287 2582 Frankreich, Italien, England, Japan, China, Ungarn, Bra-
123 2566 960 2623 silien, Spanien, Tschechoslowakei, Polen.
121 2602 1290 2664 Besondere Angaben: Vom Gesamtumsatz 1936 entfielen
121 2646 559 2710 35% auf den Export.
1416 380 2582 455 Eigene Vertretungen im Ausland: Stockholm, Kopen-
1420 435 1673 488 hagen, Oslo.
1418 465 2580 531 Besondere Angaben: 1931 wurde von der Fa. „Freund-
1418 513 2578 570 Starcke-Hoflmann A.-G.“, Hirschberg/Schles. die ge-
1418 556 2580 616 samte Mälzerei-Abteilung übernommen u. unter dem
1418 595 2575 655 Namen „Abteilung Freundtrommelbau“ weitergeführt. —
1420 641 2580 694 In den letzten Jahren wurde der Betrieb vollständig
1416 675 2580 744 modernisiert. Vom Gesamtumsatz 1936 entfielen 30 % auf
1416 723 1670 783 den Export.
1414 765 2039 822 Gefolgschaft: 600 Mitglieder.
1416 916 2064 994 Torkret Ges. m. b. H.,
1414 982 2578 1069 Berlin-Charlottenburg 4, Bismarckstr. 99.
1416 1072 2408 1138 Fernruf: 32 16 23. Drahtanschrift: torkretbau
1416 1118 1773 1177 Gründung: 1920.
1418 1161 2580 1218 Fabrikationsprogramm: Versatzanlagen; Betonpumpen;
1416 1202 2580 1273 Zement-Kanonen; Injektoren; Schnellbau- und Stahlrohr-
1418 1250 1636 1301 rüstungen.
1416 1285 1906 1344 Kapital: RM 100 000.—
1414 1328 2475 1386 Anteileigner: Bamag-Meguin A.-G., Berlin (100%).
1423 1367 2337 1422 Geschäftsführer: Heinz Bruns, W. H. Roos.
1418 1411 2048 1470 Prokurist: Conrad Großmann.
1416 1452 2575 1516 Bankverbindungen: Deutsche Bank u. Disconto-Ges.,
1416 1493 1888 1548 Dresdner Bank, Berlin.
1418 1532 2126 1599 Postscheck-Konto: 83 564 Berlin.
1416 1583 2016 1635 Geschäftsjahr: 1/1.—31./12.
1414 1628 2580 1697 Besondere Angaben: Die ersten Jahre waren ausschließ-
1414 1679 2578 1741 lich der Entwicklung und Einführung der Zement-Kanone
1418 1729 2578 1787 (Betonspritzmaschine) und Injektoren (Zement-Einpreß-
1414 1768 2578 1823 apparate) gewidmet. — 1926 Bau von Bergeversatzmaschi-
1418 1816 2580 1867 nen. — 1930 Entwicklung und Einführung der Beton-
1418 1855 2580 1913 pumpe. — 1931 Verkauf und Verleih von Schnellbau-
1416 1897 2103 1949 (Hänge-) und Stahlrohrrüstungen.
1416 1933 2575 1995 Die Maschinen selbst werden in den Konzernwerken,
1416 1972 2575 2045 Bamag-Meguin A.-G., Berlin, gebaut. — Eigener Lager-
1416 2023 2058 2089 platz und Reparaturwerkstätte.
1984 233 2582 318 Toennissen — Torpedo
1416 2171 2190 2256 Torpedo-Werke Akt.-Ges.,
1414 2245 2227 2330 Frankfurt a. M.-Rödelheim,
1416 2323 2009 2405 Alexanderstr. 59/69.
1418 2412 2323 2467 Fernruf: 70 037. Drahtanschrift: torpedo
1420 2449 2108 2506 Gründung: 1896; seit 1921 A.-G.
1418 2490 2578 2547 Fabrikationsprogramm: Schreib- u. Additionsmaschi-
1418 2531 2578 2602 nen, Buchungsmaschinen (rechnende u. nichtrechnende).
1418 2572 1636 2630 Fahrräder.
1418 2614 1941 2676 Kapital: RM 1 600 000.—.
1418 2653 2578 2726 Großaktionär: Remington Rand Inc., Buffalo (Majori-
1420 2698 1512 2765 tät).
1420 2728 2273 2799 Vorstand: Fritz H. Harms, Frankfurt/M.
1418 2779 2575 2852 Prokuristen: Georg Gack, Robert Hellwig, Frankfurt
1420 2827 2014 2886 a. M.; Fritz Hofmann, Berlin.
1420 2861 2578 2925 Aufsichtsrat: Vors.: A. W. Wätjen, Berlin; Stellv.:
1420 2916 2289 2966 Gen.-Dir. Hellmuth Röhnert, Lüdenscheid.
1420 2953 2575 3012 Bankverbindungen: Dresdner Bank, Deutsche Bank u.
1420 2994 2035 3058 Disconto-Ges., Frankfurt a. M.
1418 3038 2284 3099 Postscheck-Konto: 3541 Frankfurt a. M.
1414 3079 1998 3143 Geschäftsjahr: 1./8.—31./7.
1418 3138 2578 3207 Anlagen: Mechanische Werkstätten mit den erforder-
1420 3186 1883 3244 lichen Nebenbetrieben.
1420 3228 2575 3285 Besondere Angaben: Nachdem die Entwicklung des
1420 3271 2575 3331 Geschäftsjahres 1934/35 gegenüber den früheren Jahren
1420 3312 2573 3374 eine bedeutende Steigerung aufwies, ist mit Genugtuung
1416 3358 2573 3411 festzustellen, daß diese Entwicklungskurve im abgelau-
1418 3395 2573 3454 fenen Geschäftsjahr weiter ansteigend gewesen ist u. im
1420 3445 2575 3500 Gesamtumsatz eine weitere Steigerung um 14% ausweist,
1418 3484 2573 3544 wobei das abgelaufene Geschäftsjahr die erfreuliche Tat-
1418 3526 2575 3585 sache mit sich brachte, daß die sonst üblichen saison-
1418 3562 2575 3626 mäßigen Rückgänge ausblieben. Die Aufwärtsbewegung
1420 3610 2573 3663 des Werkes hat sich sowohl auf die Büromaschinen- als
1416 3647 2578 3716 auch auf die Fahrradproduktion ausgewirkt, so daß die
121 2792 740 2877 J. A. Topf & Söhne,
119 2866 852 2946 Erfurt, Dreysestraße 7/9.
121 2939 1074 3019 Fernruf: 25 125. Drahtanschrift: topfwerke
123 2994 827 3056 Gründung: 1878; seit 1935 K.-G.
123 3028 1290 3102 Fabrikationsprogramm: Silos u. Speichereinrichtungen;
126 3079 1287 3147 Mälzerei-, Transport-, Trocknungs-, Feuerungs- u. Be-
130 3120 582 3180 u. Entlüftungsanlagen.
128 3166 1159 3219 Gesellschafter: Ludwig u. Ernst Wolfgang Topf.
126 3198 1287 3271 Prokuristen: Machemehl, H. Schmidt, Endler, Sander,
126 3244 323 3303 Erdmann.
123 3280 1290 3347 Bankverbindungen: Reichsbank, Deutsche Bank u. Dis-
126 3333 859 3390 conto-Ges., Dresdner Bank, Erfurt.
123 3374 802 3434 Postscheck-Konto: 1792 Erfurt.
126 3422 747 3480 Geschäftsjahr: Kalenderjahr.
123 3468 1196 3537 Grundbesitz: 19 190 qm, davon 10 276 qm bebaut.
126 3521 1290 3581 Anlagen: Metall- u. Holzbearbeitungs-Werkstätten, auto-
123 3567 1001 3629 gene u. elektrische Schweißerei. Gießerei.
123 3603 1292 3668 Eigene Vertretung in Berlin: Dipl.-Ing. B. Ull, Bln.-
123 3652 886 3729 Charlottenburg 5, Maikowskistr. 115.
2470 3821 2585 3913 597
