2796 4124
103 339 1249 428 Carl Unger Werkzeugmaschinenfabrik,
107 412 758 497 Stuttgart-Hedelfingen,
107 481 907 565 Obertürkheimer Straße 63.
110 561 1104 641 Fernruf: 30 756/57. Drahtanschrift: werkzeug
112 620 474 673 Gründung: 1906.
114 650 1276 719 Fabrikationsprogramm: Rund- u. Innen-, Nockenwellen-
116 705 1056 762 u. Ovalschleifmaschinen. Innenschleifspindeln.
114 744 605 804 Kapital: RM 600 000.—
114 776 1008 850 Komplementär: Eugen Schmid, Stuttgart.
114 827 1278 884 Geschäftsführer: Eugen Schmid, Dr. Gerhard Schaudt.
114 868 627 927 Prokurist: Hugo Gültig.
114 898 1276 973 Bankverbindung: Commerz- u. Privat-Bank, A.-G.,
116 955 316 1010 Stuttgart.
114 992 852 1051 Postscheck-Konto: 2196 Stuttgart.
114 1040 719 1095 Geschäftsjahr: 1./1.—31./12.
114 1088 1145 1159 Grundbesitz: 10 400 qm, davon 4500 qm bebaut.
119 1145 889 1205 Anlagen: Maschinenbau-Werkstätten.
116 1182 1056 1244 Eigene Vertretung in Berlin: Hahn & Kolb.
116 1228 1035 1287 Gefolgschaft: 250 Arbeiter u. Angestellte.
114 1354 1035 1441 C. E. Unger, Maschinenfabrik,
116 1420 1285 1528 Schönheidei. Erzgb., Ludw.-Jahnstr. 441.
121 1514 414 1578 Fernruf: 334.
123 1564 478 1622 Gründung: 1882.
121 1585 1285 1670 Fabrikationsprogramm: Kreissägen, Bäckerei- u. Kon-
121 1645 1285 1709 ditoreimaschinen außer Backöfen, Bürstenherstellungs-
126 1693 350 1748 maschinen.
123 1727 1150 1793 Bankverbindung: Gewerbebank, Schönheide i. E.
1235 1757 1276 1830 &
121 1775 868 1839 Postscheck-Konto: 26 562 Leipzig.
1400 339 2559 398 dem Serienbau dienen u. mit zu dem großen Aufschwung
1402 382 2559 437 des Unternehmens in den letzten Jahren beigetragen
1402 421 2559 478 haben. — Nicht nur in der Ausdehnung des Betriebes
1400 467 2559 529 zeigt sich die Bedeutung des Werkes, sondern auch in
1404 508 2562 563 der Vermehrung der Spezialitäten (Schinkenschneide-
1402 547 2559 607 maschine, Klein-Kühlmaschine sowie die automatisch ar-
1404 586 2562 655 beitende Füll- u. Abdrehmaschine, welche zur genauen
1407 634 2562 694 Abmessung des Rohmaterials bei der Herstellung der sog.
1404 678 2142 737 Halberstädter Brühwürstchen dient).
1404 717 2569 783 Gefolgschaft: 1932/33 1933/34 1934/35 1935/36
1409 767 1601 824 Arbeiter
2243 760 2333 815 100
2436 749 2516 817 107
1414 797 1730 861 Angestellte
1778 795 2346 852 20 20 16
2454 797 2520 870 18
1407 934 2484 1031 Karl Fr. Ungerer, Maschinenfabrik,
1404 1026 2074 1092 Pforzheim-Brötzingen.
1409 1090 2415 1168 Fernruf: 5941/42. Drahtanschrift: richtungerer
1414 1150 1773 1202 Gründung: 1895.
1409 1175 2569 1253 Fabrikationsprogramm: Einzige Spezialität seit Fir-
1411 1228 2571 1287 mengründung: Hochleistungs-Blechrichtmaschinen für alle
1411 1271 2452 1328 Metalle bis max. 12 mm Dicke u. 3000 mm Breite.
1414 1312 2099 1374 Inhaber: Karl Friedrich Ungerer.
1414 1349 2571 1415 Bankverbindungen: Deutsche Bank u. Disconto-Ges.,
1416 1399 2232 1454 Dresdner Bank, Reichsbank, Pforzheim.
1414 1438 2163 1496 Postscheck-Konto: 3642 Karlsruhe.
1411 1480 2014 1539 Geschäftsjahr: 31./12.—1./1.
1414 1541 2427 1601 Grundbesitz: 21 000 qm, davon 4000 qm bebaut.
1416 1583 2575 1645 Anlagen: Laboratorium für Stahlprüfungen. Prüfstand
1414 1631 1913 1688 für Blechrichtmaschinen.
1416 1656 2575 1729 Eigene Vertretung in Berlin: Ziv.-Ing. Arthur Hanff,
1416 1713 2193 1773 Bln.-Charlottenburg 2, Leibnizstr. 96.
1416 1743 2479 1814 Eigene Vertretungen im Ausland: Auf Anfrage.
1418 1791 2575 1862 Besondere Angaben: Beliefert werden seit Firmengrün-
1416 1837 2575 1897 dung alle Industriezweige, in denen Bleche erzeugt u.
1418 1876 2573 1938 verarbeitet werden. In neuerer Zeit hauptsächlich Auto-
1418 1917 2578 1984 mobilbau, Waggonbau, Apparatebau (Telephon, Radio,
1420 1958 2578 2020 Meß- u. Zählapparate), Gas- u. elektr. Apparate, Uhren-
1418 2002 2580 2066 fabriken (Zifferblätter usw.), Schiffswerften, Walzwerke
1420 2048 2239 2107 für Eisen u. Metalle, Leichtmetallwerke.
1423 2087 2582 2146 Vom Gesamtumsatz 1936 entfielen 55% auf den Export.
1420 2135 2041 2190 Gefolgschaft: 180 Mitglieder.
1420 2167 2582 2236 Zur Ausbildung des Nachwuchses wird eine Lehrlings-
1423 2224 1904 2279 werkstätte unterhalten.
121 1906 1173 1997 Gebrüder Unger, Aktiengesellschaft,
121 1988 948 2064 Chemnitz, Lerchenstr. 4/12.
123 2062 1145 2133 Fernruf: 45 048/49. Drahtanschrift: ungerwerk
128 2119 804 2176 Gründung: 1881; seit 1904 A.-G.
126 2149 1290 2217 Fabrikationsprogramm: Maschinen für Fleischerei u.
130 2201 1290 2263 Wurstfabrikation. Vollständige Einrichtung von Fleisch-
128 2249 524 2302 Konservenfabriken.
128 2281 621 2350 Kapital: RM 886 000.—.
132 2325 1015 2387 Vorstand: Ing. Robert Wedlich, Chemnitz.
128 2364 1292 2435 Prokuristen: Dipl.-Ing. Walter Wedlich, Richard Werner.
132 2410 1292 2476 Aufsichtsrat: Vors.: Bankdir. i. R. Karl Grimm, Leipzig;
132 2458 971 2517 Stellv.: Bankdir. Max Richter, Chemnitz.
130 2492 1292 2561 Bankverbindungen: Bank für Handel u. Verkehr, All-
132 2536 1294 2607 gemeine Deutsche Credit-Anstalt, Deutsche Bank u. Dis-
130 2582 566 2643 conto-Ges., Chemnitz.
130 2625 868 2685 Postscheck-Konto: 11 027 Leipzig.
132 2671 705 2733 Geschäftsjahr: 1./7.—30./6.
130 2714 1299 2792 Grundbesitz: 4030 qm, davon 2500 qm bebaut; gesamte
132 2779 554 2836 Nutzfläche: 6200 qm.
132 2806 1100 2877 Anlagen: Maschinenfabrik ohne Eisengießerei.
132 2859 1297 2923 Besondere Angaben: Die Grundlage des Unternehmens,
132 2902 1297 2960 das von Anfang an ausschließlich den Bau von Maschinen
132 2941 1294 3003 zur Wurstfabrikation u. Fleischkonservierung betreibt,
132 2987 1297 3042 war ein Patent auf eine Würfelschneidemaschine, das
135 3021 1297 3095 noch heute für die Konstruktion vieler ähnlicher Ma-
135 3070 1294 3134 schinen vorbildlich ist. Die sich ständig mehrende Nach-
132 3106 1297 3170 frage nach den „Unger-Maschinen“ machte schon nach 2
135 3154 1294 3214 Jahren eine Betriebserweiterung notwendig, gleichzeitig
135 3198 1297 3255 wurde auch das bisherige Arbeitsprogramm auf den Bau
135 3239 1299 3301 anderer Spezialmaschinen ausgedehnt. — 1887 entschlos-
135 3283 1297 3340 sen sich die Gebr. Unger zum Bau einer eigenen Fabrik.
139 3324 1294 3379 — 1910 wurde eine neue großartige Fabrikanlage ge-
139 3358 1297 3422 schaffen. Dieser 6stöckige Bau ist mit den alten Ge-
135 3406 1299 3466 bäuden verbunden. Während in der alten Fabrik noch
137 3445 1294 3519 mit Dampfkraft gearbeitet wird, sind der Mittelbau,
137 3493 1299 3551 der 1906 errichtet wurde, u. der Neubau an das städ-
137 3528 1301 3592 tische Elektrizitätswerk angeschlossen. Neuerdings sind
137 3576 1297 3633 eine große Anzahl von automatisch arbeitenden Werk-
135 3613 1306 3697 zeugmaschinen aufgestellt worden, die in erster Linie
2126 180 2557 261 Unger — Union
1416 2352 2580 2442 A. & E. Ungrieht Walzengravieranstalt,
1418 2428 2223 2515 M.-Gladbach, Oststraße 12.
1423 2506 2394 2588 Fernruf: 20 345/46. Drahtanschrift: ungricht
1423 2563 1789 2623 Gründung: 1892.
1425 2584 2580 2666 Fabrikationsprogramm: Gravierte Kupferwalzen zum
1425 2641 2575 2712 Bedrucken von Seide, Kunst-Seide, Wolle, Baumwolle,
1427 2692 1867 2747 Wachstuch u. Papier.
1427 2726 1943 2788 Inhaber: Emil Ungricht.
1427 2753 2429 2834 Prokuristen: Fr. Emil Ungricht, Andr. Küpers.
1427 2808 2429 2877 Bankverbindung: Dresdner Bank, M. Gladbach.
1427 2854 2106 2918 Postscheck-Konto: 49 674 Köln.
1425 2895 2030 2962 Geschäftsjahr: 1./1.—31./12.
1427 2955 2358 3017 Grundbesitz: 560 qm, davon 450 qm bebaut.
1432 3003 2085 3065 Anlagen: Walzengravieranstalt.
1430 3033 2355 3113 Eigene Vertretung im Ausland: Enschede.
1430 3090 1943 3147 Gefolgschaft: 100 Mann.
1430 3115 2582 3196 Jährlich werden 6 bis 8 Lehrlinge weitergehildet, um
1430 3175 1991 3230 den Nachwuchs zu sichern.
1427 3299 2589 3395 Union Special Maschinenfabrik G.m. b.H.
1430 3379 2271 3468 Stuttgart-W., Schwabstr. 33.
1430 3459 2413 3539 Fernruf: 60 244/45. Drahtanschrift: unifabrik
1434 3519 1794 3578 Gründung: 1901.
1434 3548 2589 3624 Fabrikationsprogramm: Herstellung u. Vertrieb von
1434 3599 2262 3684 Spezial-Nähmaschinen für die Industrie.
2477 3766 2594 3844 605
