<?xml version="1.0" encoding="UTF-8"  standalone="yes"?>
<PcGts xmlns="http://schema.primaresearch.org/PAGE/gts/pagecontent/2019-07-15" xmlns:xsi="http://www.w3.org/2001/XMLSchema-instance" xsi:schemaLocation="http://schema.primaresearch.org/PAGE/gts/pagecontent/2019-07-15 http://schema.primaresearch.org/PAGE/gts/pagecontent/2019-07-15/pagecontent.xsd">
  <Metadata>
	<Creator>escriptorium</Creator>
	<Created>2024-11-07T08:35:18.548664+00:00</Created>
        <LastChange>2024-11-07T08:35:18.548685+00:00</LastChange>
  </Metadata>
  <Page imageFilename="maschinenindustrie_1937_0178.jpg" imageWidth="2796" imageHeight="4124">
    <TextRegion id="r_2_1"  >
      <Coords points="95,376 1264,376 1264,1044 95,1044"/>
      <TextLine id="eSc_line_7f4f310e" >
        <Coords points="790,382 699,373 699,373 676,373 653,373 630,373 607,371 584,371 561,371 538,371 515,371 513,371 277,380 256,366 240,366 231,366 169,375 142,366 126,366 103,396 103,421 100,437 121,449 123,449 126,449 375,439 460,451 462,451 811,439 813,426 811,389 790,382"/>
        <Baseline points="103,421 813,426"/>
        <TextEquiv conf="0.9999999783255837">
          <Unicode>Gebläse- und Lüfterbau</Unicode>
        </TextEquiv>
      </TextLine>
      <TextLine id="eSc_line_9d8fc8e3" >
        <Coords points="1249,462 1226,460 1203,458 1180,455 1157,453 1155,451 1035,458 992,460 983,458 948,446 946,446 944,446 941,446 916,455 912,458 905,455 873,442 870,442 868,442 788,453 756,458 728,453 671,439 669,439 666,439 627,451 607,455 584,449 554,439 552,439 550,439 547,439 527,449 522,449 501,446 407,437 405,437 403,437 401,437 401,439 394,444 382,455 313,455 300,442 293,437 293,435 291,435 288,435 286,435 284,435 265,442 247,449 229,442 213,435 210,435 208,435 103,437 103,494 100,520 103,522 105,522 105,524 107,524 110,524 112,524 261,513 318,526 320,526 323,526 444,515 458,515 465,515 506,529 508,529 511,529 655,520 673,520 687,520 760,531 763,533 1262,533 1265,508 1265,465 1249,462"/>
        <Baseline points="103,494 1265,508"/>
        <TextEquiv>
          <Unicode>Dipl.-Ing. Walther Ihlenfeld G. m. b. H.,</Unicode>
        </TextEquiv>
      </TextLine>
      <TextLine id="eSc_line_da059e1f" >
        <Coords points="100,563 98,584 252,600 254,600 355,591 366,591 1260,609 1265,581 1262,536 1200,524 1198,524 1141,533 1120,536 1104,533 1063,522 1061,522 1058,522 994,531 990,531 978,522 978,520 976,520 974,520 971,520 861,529 829,531 815,529 774,517 772,517 770,517 703,526 685,529 676,526 639,515 637,515 634,515 632,515 607,526 602,526 591,524 506,513 504,513 437,524 428,524 423,522 394,510 391,510 389,510 334,522 327,522 320,522 254,510 252,510 100,517 100,563"/>
        <Baseline points="100,563 1265,581"/>
        <TextEquiv>
          <Unicode>Dresden-N. 15, Industriegelände Eing. A.</Unicode>
        </TextEquiv>
      </TextLine>
      <TextLine id="eSc_line_2acf4167" >
        <Coords points="103,634 100,655 1035,659 1040,641 1040,607 987,593 985,593 983,593 932,604 930,604 925,604 886,593 884,593 882,593 880,593 847,604 841,604 820,602 696,591 694,591 692,591 671,602 669,602 655,602 579,591 577,591 103,593 103,634"/>
        <Baseline points="103,634 1040,641"/>
        <TextEquiv>
          <Unicode>Fernruf: 50 728. Drahtanschrift: ihlenfeldt</Unicode>
        </TextEquiv>
      </TextLine>
      <TextLine id="eSc_line_2bc1022e" >
        <Coords points="105,678 105,694 462,703 465,678 465,646 105,646 105,678"/>
        <Baseline points="105,678 465,678"/>
        <TextEquiv>
          <Unicode>Gründung: 1924.</Unicode>
        </TextEquiv>
      </TextLine>
      <TextLine id="eSc_line_a3dfad3f" >
        <Coords points="449,680 426,680 403,680 380,680 357,680 334,680 311,680 288,680 265,680 242,680 238,680 105,680 105,717 103,735 1253,756 1258,730 1258,694 1049,680 1047,680 1045,680 1042,680 1026,689 1017,682 1017,680 1015,680 1012,680 1010,680 907,689 875,691 861,689 820,678 818,678 815,678 758,687 747,689 735,687 678,675 676,675 673,675 641,687 637,687 623,687 511,675 508,675 449,675 449,680"/>
        <Baseline points="105,717 1258,730"/>
        <TextEquiv>
          <Unicode>Fabrikationsprogramm: Herstellung von Gebläsen,</Unicode>
        </TextEquiv>
      </TextLine>
      <TextLine id="eSc_line_18f54e2c" >
        <Coords points="105,758 103,781 1116,797 1120,769 1118,737 105,721 105,758"/>
        <Baseline points="105,758 1120,769"/>
        <TextEquiv>
          <Unicode>Lüftern und damit zusammenhängenden Anlagen.</Unicode>
        </TextEquiv>
      </TextLine>
      <TextLine id="eSc_line_377e3d33" >
        <Coords points="110,804 110,827 520,820 522,801 517,769 107,769 110,804"/>
        <Baseline points="110,804 522,801"/>
        <TextEquiv>
          <Unicode>Kapital: RM 6000.—</Unicode>
        </TextEquiv>
      </TextLine>
      <TextLine id="eSc_line_b8ff07d5" >
        <Coords points="105,845 105,868 1008,872 1010,845 1010,815 105,815 105,845"/>
        <Baseline points="105,845 1010,845"/>
        <TextEquiv>
          <Unicode>Anteileigner: Dipl.-Ing. Walther Ihlenfeldt.</Unicode>
        </TextEquiv>
      </TextLine>
      <TextLine id="eSc_line_440f20dd" >
        <Coords points="103,884 100,907 1056,916 1061,893 1058,859 103,852 103,884"/>
        <Baseline points="103,884 1061,893"/>
        <TextEquiv>
          <Unicode>Geschäftsführer: Dipl.-Ing. Walter Ihlenfeldt.</Unicode>
        </TextEquiv>
      </TextLine>
      <TextLine id="eSc_line_5a0d33b3" >
        <Coords points="105,925 103,950 964,955 969,937 967,904 105,893 105,925"/>
        <Baseline points="105,925 969,937"/>
        <TextEquiv>
          <Unicode>Bankverbindung: Sächs. Bank, Dresden.</Unicode>
        </TextEquiv>
      </TextLine>
      <TextLine id="eSc_line_baf7027c" >
        <Coords points="836,937 813,937 811,934 103,934 103,969 100,994 854,994 857,973 854,937 836,937"/>
        <Baseline points="103,969 857,973"/>
        <TextEquiv>
          <Unicode>Postscheck-Konto: 12 936 Dresden.</Unicode>
        </TextEquiv>
      </TextLine>
      <TextLine id="eSc_line_e9d6633b" >
        <Coords points="100,1014 100,1044 689,1035 692,1012 685,980 98,982 100,1014"/>
        <Baseline points="100,1014 692,1012"/>
        <TextEquiv>
          <Unicode>Geschäftsjahr: 1./1.—31./12.</Unicode>
        </TextEquiv>
      </TextLine>
    </TextRegion>
    <TextRegion id="r_3_1"  >
      <Coords points="88,1154 1254,1154 1254,2116 88,2116"/>
      <TextLine id="eSc_line_af4867a3" >
        <Coords points="96,1200 93,1221 900,1234 905,1207 905,1161 843,1145 841,1145 838,1145 836,1145 806,1157 802,1159 795,1157 756,1145 754,1145 751,1145 680,1154 637,1159 598,1152 554,1143 552,1143 511,1150 467,1157 426,1147 410,1143 407,1143 405,1143 403,1143 401,1143 398,1145 387,1157 343,1145 327,1140 325,1140 323,1140 286,1143 167,1152 96,1138 96,1200"/>
        <Baseline points="96,1200 905,1207"/>
        <TextEquiv>
          <Unicode>K. Gebler Maschinenfabrik,</Unicode>
        </TextEquiv>
      </TextLine>
      <TextLine id="eSc_line_1558287e" >
        <Coords points="96,1271 93,1305 279,1312 281,1312 284,1312 300,1305 323,1296 449,1296 462,1305 483,1315 485,1315 744,1317 747,1317 749,1317 751,1317 772,1303 776,1301 779,1303 809,1319 811,1319 813,1319 815,1319 818,1319 831,1305 875,1319 877,1319 880,1319 882,1319 884,1319 905,1303 1001,1301 1003,1280 1003,1234 967,1223 964,1223 962,1223 811,1232 779,1234 763,1232 701,1221 699,1221 696,1221 669,1230 662,1234 572,1234 566,1230 550,1218 547,1218 545,1218 543,1218 540,1218 513,1228 506,1230 499,1228 465,1218 462,1218 460,1218 96,1221 96,1271"/>
        <Baseline points="96,1271 1003,1280"/>
        <TextEquiv>
          <Unicode>Leipzig W 33, Josephstraße 13.</Unicode>
        </TextEquiv>
      </TextLine>
      <TextLine id="eSc_line_21a2d883" >
        <Coords points="100,1338 98,1358 1001,1372 1006,1344 1003,1305 100,1303 100,1338"/>
        <Baseline points="100,1338 1006,1344"/>
        <TextEquiv>
          <Unicode>Fernruf: 43 282. Drahtanschrift: kagebler</Unicode>
        </TextEquiv>
      </TextLine>
      <TextLine id="eSc_line_a82ffccc" >
        <Coords points="100,1381 98,1397 735,1402 740,1386 737,1354 100,1349 100,1381"/>
        <Baseline points="100,1381 740,1386"/>
        <TextEquiv>
          <Unicode>Gründung: 1886; eingetr. 1893.</Unicode>
        </TextEquiv>
      </TextLine>
      <TextLine id="eSc_line_e8fce05a" >
        <Coords points="100,1383 100,1422 98,1447 1249,1457 1253,1431 1251,1399 969,1399 962,1392 953,1386 951,1386 948,1386 946,1386 616,1388 132,1390 114,1383 100,1383"/>
        <Baseline points="100,1422 1253,1431"/>
        <TextEquiv>
          <Unicode>Fabrikationsprogramm: Drahtheftmaschinen aller Art</Unicode>
        </TextEquiv>
      </TextLine>
      <TextLine id="eSc_line_8d88345e" >
        <Coords points="100,1464 98,1480 1244,1498 1249,1477 1246,1443 100,1431 100,1464"/>
        <Baseline points="100,1464 1249,1477"/>
        <TextEquiv>
          <Unicode>für Buchbindereien, Druckereien, Kartonagen- und Falt-</Unicode>
        </TextEquiv>
      </TextLine>
      <TextLine id="eSc_line_6594603b" >
        <Coords points="103,1507 103,1530 458,1530 458,1507 458,1477 103,1477 103,1507"/>
        <Baseline points="103,1507 458,1507"/>
        <TextEquiv>
          <Unicode>schachtelfabriken.</Unicode>
        </TextEquiv>
      </TextLine>
      <TextLine id="eSc_line_376ad01d" >
        <Coords points="100,1551 98,1571 687,1571 689,1553 687,1516 100,1512 100,1551"/>
        <Baseline points="100,1551 689,1553"/>
        <TextEquiv>
          <Unicode>Inhaber: Ing. Alfred Gebler.</Unicode>
        </TextEquiv>
      </TextLine>
      <TextLine id="eSc_line_eb6ef62b" >
        <Coords points="100,1592 98,1612 1244,1619 1249,1601 1246,1560 100,1557 100,1592"/>
        <Baseline points="100,1592 1249,1601"/>
        <TextEquiv>
          <Unicode>Bankverbindung: Leipz. Mittelstandsbank e. G. m. b. H.,</Unicode>
        </TextEquiv>
      </TextLine>
      <TextLine id="eSc_line_7eb5d83d" >
        <Coords points="103,1631 100,1651 859,1665 864,1645 861,1606 103,1596 103,1631"/>
        <Baseline points="103,1631 864,1645"/>
        <TextEquiv>
          <Unicode>Leipzig; Stadt- u. Girokasse, Leipzig.</Unicode>
        </TextEquiv>
      </TextLine>
      <TextLine id="eSc_line_0e05fbf7" >
        <Coords points="98,1674 96,1702 818,1706 822,1679 820,1647 98,1635 98,1674"/>
        <Baseline points="98,1674 822,1679"/>
        <TextEquiv>
          <Unicode>Postscheck-Konto: 51 444 Leipzig.</Unicode>
        </TextEquiv>
      </TextLine>
      <TextLine id="eSc_line_005d86a5" >
        <Coords points="98,1722 98,1741 708,1750 710,1722 710,1688 98,1688 98,1722"/>
        <Baseline points="98,1722 710,1722"/>
        <TextEquiv>
          <Unicode>Geschäftsjahr: Kalenderjahr.</Unicode>
        </TextEquiv>
      </TextLine>
      <TextLine id="eSc_line_7d535fad" >
        <Coords points="98,1780 96,1798 135,1812 137,1812 139,1812 483,1805 559,1816 561,1816 1249,1809 1251,1791 1251,1754 1235,1743 1232,1743 1230,1743 1228,1743 1054,1754 1022,1754 795,1754 788,1748 776,1738 774,1738 772,1738 770,1738 673,1745 623,1750 598,1745 559,1736 556,1736 449,1741 341,1748 323,1738 313,1736 311,1736 98,1736 98,1780"/>
        <Baseline points="98,1780 1251,1791"/>
        <TextEquiv>
          <Unicode>Grundbesitz: 1800 qm, davon 850 qm bebaut; gesamte</Unicode>
        </TextEquiv>
      </TextLine>
      <TextLine id="eSc_line_49c7660b" >
        <Coords points="100,1826 100,1851 499,1848 499,1826 499,1796 100,1793 100,1826"/>
        <Baseline points="100,1826 499,1826"/>
        <TextEquiv>
          <Unicode>Nutzfläche: 1100 qm.</Unicode>
        </TextEquiv>
      </TextLine>
      <TextLine id="eSc_line_1a6f70bc" >
        <Coords points="100,1867 98,1885 1242,1901 1246,1878 1244,1844 100,1832 100,1867"/>
        <Baseline points="100,1867 1246,1878"/>
        <TextEquiv>
          <Unicode>Anlagen: Fabrikations- u. Lagerräume mit Vorführungs-</Unicode>
        </TextEquiv>
      </TextLine>
      <TextLine id="eSc_line_9f8aecd8" >
        <Coords points="100,1908 98,1924 806,1933 811,1915 809,1881 100,1869 100,1908"/>
        <Baseline points="100,1908 811,1915"/>
        <TextEquiv>
          <Unicode>raum; Lackiererei mit Trockenofen.</Unicode>
        </TextEquiv>
      </TextLine>
      <TextLine id="eSc_line_68c96ddd" >
        <Coords points="98,1949 96,1977 1242,1979 1246,1961 1244,1922 98,1910 98,1949"/>
        <Baseline points="98,1949 1246,1961"/>
        <TextEquiv>
          <Unicode>Besondere Angaben: Vom Gesamtumsatz entfielen 1936</Unicode>
        </TextEquiv>
      </TextLine>
      <TextLine id="eSc_line_f49ce494" >
        <Coords points="100,1993 98,2007 646,2018 650,2000 648,1968 100,1961 100,1993"/>
        <Baseline points="100,1993 650,2000"/>
        <TextEquiv>
          <Unicode>etwa 45% auf den Export.</Unicode>
        </TextEquiv>
      </TextLine>
      <TextLine id="eSc_line_e7d1ebf8" >
        <Coords points="98,2034 96,2052 357,2068 359,2068 478,2059 495,2071 497,2071 499,2071 501,2071 653,2059 662,2059 664,2059 682,2073 685,2073 687,2073 689,2075 809,2075 809,2073 811,2073 813,2073 827,2062 951,2075 953,2075 1235,2064 1237,2043 1232,2000 98,2000 98,2034"/>
        <Baseline points="98,2034 1237,2043"/>
        <TextEquiv>
          <Unicode>Gefolgschaft: 20 Arbeiter (davon 7 Lehrlinge) u. 1</Unicode>
        </TextEquiv>
      </TextLine>
      <TextLine id="eSc_line_f28de990" >
        <Coords points="98,2080 98,2100 348,2098 350,2075 343,2048 96,2050 98,2080"/>
        <Baseline points="98,2080 350,2075"/>
        <TextEquiv>
          <Unicode>Angestellter.</Unicode>
        </TextEquiv>
      </TextLine>
    </TextRegion>
    <TextRegion id="r_5_1"  >
      <Coords points="1385,395 2557,395 2557,965 1385,965"/>
      <TextLine id="eSc_line_d143bca6" >
        <Coords points="2537,410 2514,410 2491,410 2468,410 2445,407 2422,407 2399,407 2376,407 2353,405 2330,405 2307,405 2284,405 2262,403 2239,403 2216,403 2193,403 2170,400 2147,400 2124,400 2101,400 2078,400 2055,398 2032,398 2009,398 1986,398 1964,396 1941,396 1918,396 1895,396 1872,394 1849,394 1826,394 1803,394 1780,391 1757,391 1734,391 1711,391 1689,391 1666,389 1643,389 1620,389 1597,389 1574,387 1551,387 1528,387 1505,387 1482,384 1459,384 1436,384 1414,384 1398,400 1391,421 1388,439 2548,453 2553,435 2550,410 2537,410"/>
        <Baseline points="1391,421 2553,435"/>
        <TextEquiv>
          <Unicode>keramisches Laboratorium überwacht die Fabrikation u.</Unicode>
        </TextEquiv>
      </TextLine>
      <TextLine id="eSc_line_4446d07d" >
        <Coords points="1391,465 1388,490 2546,501 2550,478 2548,442 1391,433 1391,465"/>
        <Baseline points="1391,465 2550,478"/>
        <TextEquiv>
          <Unicode>sorgt für beständige Gleichmäßigkeit u.. Güte der Guß-</Unicode>
        </TextEquiv>
      </TextLine>
      <TextLine id="eSc_line_4b208e12" >
        <Coords points="1393,506 1391,524 2548,542 2553,517 2550,485 1393,474 1393,506"/>
        <Baseline points="1393,506 2553,517"/>
        <TextEquiv>
          <Unicode>waren u. der Emaille. — 1932/33 Gesamtumsatzsteigerung</Unicode>
        </TextEquiv>
      </TextLine>
      <TextLine id="eSc_line_5083c52a" >
        <Coords points="1391,549 1388,570 2543,586 2548,563 2546,531 1391,517 1391,549"/>
        <Baseline points="1391,549 2548,563"/>
        <TextEquiv>
          <Unicode>gegenüber dem Vorjahre um 26%. — 1934/35 Erweiterung</Unicode>
        </TextEquiv>
      </TextLine>
      <TextLine id="eSc_line_1bf6861e" >
        <Coords points="1393,588 1391,607 2548,618 2553,600 2550,570 1393,559 1393,588"/>
        <Baseline points="1393,588 2553,600"/>
        <TextEquiv>
          <Unicode>u. teilweise Erneuerung des Maschinenparks u. der Be-</Unicode>
        </TextEquiv>
      </TextLine>
      <TextLine id="eSc_line_8b5e6aec" >
        <Coords points="1391,632 1388,648 2546,664 2550,648 2548,616 1391,600 1391,632"/>
        <Baseline points="1391,632 2550,648"/>
        <TextEquiv>
          <Unicode>triebsanlagen. — 1935/36 Steigerung der Produktion in</Unicode>
        </TextEquiv>
      </TextLine>
      <TextLine id="eSc_line_3cfedfcc" >
        <Coords points="1391,671 1388,691 2321,707 2326,682 2323,652 1391,641 1391,671"/>
        <Baseline points="1391,671 2326,682"/>
        <TextEquiv>
          <Unicode>der Apparatebauanstalt u. im Emaillierwerk.</Unicode>
        </TextEquiv>
      </TextLine>
      <TextLine id="eSc_line_16059ea3" >
        <Coords points="1391,714 1388,733 2546,744 2550,726 2548,691 1391,682 1391,714"/>
        <Baseline points="1391,714 2550,726"/>
        <TextEquiv>
          <Unicode>Auch im Auslandsgeschäft war eine Erhöhung des Um-</Unicode>
        </TextEquiv>
      </TextLine>
      <TextLine id="eSc_line_994a497b" >
        <Coords points="1388,758 1386,781 2543,790 2548,772 2546,742 1388,723 1388,758"/>
        <Baseline points="1388,758 2548,772"/>
        <TextEquiv>
          <Unicode>satzes zu verzeichnen. — Durch vorhandenen größeren</Unicode>
        </TextEquiv>
      </TextLine>
      <TextLine id="eSc_line_10ad9f29" >
        <Coords points="1391,799 1388,822 2543,829 2548,813 2546,774 1391,767 1391,799"/>
        <Baseline points="1391,799 2548,813"/>
        <TextEquiv>
          <Unicode>Auftragsbestand ist ausreichende Beschäftigung für die</Unicode>
        </TextEquiv>
      </TextLine>
      <TextLine id="eSc_line_d709828b" >
        <Coords points="1386,840 1384,866 2461,872 2465,854 2463,824 1386,806 1386,840"/>
        <Baseline points="1386,840 2465,854"/>
        <TextEquiv>
          <Unicode>inzwischen weiterhin erhöhte Gefolgschaft gesichert,</Unicode>
        </TextEquiv>
      </TextLine>
      <TextLine id="eSc_line_559bcf01" >
        <Coords points="1386,884 1384,900 2543,914 2548,895 2546,856 1386,850 1386,884"/>
        <Baseline points="1386,884 2548,895"/>
        <TextEquiv>
          <Unicode>Gefolgschaft: 1930/31 31/32 32/33 33/34 34/35 1936</Unicode>
        </TextEquiv>
      </TextLine>
      <TextLine id="eSc_line_2619a0fe" >
        <Coords points="1386,925 1384,948 1574,953 1576,953 1579,953 1583,953 1615,939 1734,953 1773,957 1776,957 1778,957 1792,955 1844,941 1915,955 1941,959 1943,959 1945,959 1957,955 1998,943 2016,957 2019,959 2021,959 2023,959 2087,962 2090,962 2092,962 2094,962 2094,959 2099,957 2113,946 2168,946 2202,959 2211,962 2213,962 2216,962 2218,962 2227,959 2268,946 2317,959 2323,962 2326,962 2383,964 2385,964 2388,964 2390,964 2392,962 2413,948 2532,962 2537,937 2534,907 1386,891 1386,925"/>
        <Baseline points="1386,925 2537,937"/>
        <TextEquiv>
          <Unicode>insgesamt 270 250 250 320 400 500</Unicode>
        </TextEquiv>
      </TextLine>
    </TextRegion>
    <TextRegion id="r_6_1"  >
      <Coords points="1365,1034 2546,1034 2546,2753 1365,2753"/>
      <TextLine id="eSc_line_abd2de35" >
        <Coords points="1381,1079 1379,1095 2154,1111 2158,1085 2156,1044 2092,1028 2090,1028 2087,1028 2062,1040 1998,1028 1996,1028 1993,1028 1991,1028 1973,1042 1970,1042 1851,1042 1849,1042 1828,1026 1826,1026 1824,1026 1821,1026 1558,1037 1501,1024 1498,1024 1496,1024 1494,1024 1448,1037 1446,1037 1414,1024 1411,1024 1409,1024 1407,1024 1381,1035 1381,1079"/>
        <Baseline points="1381,1079 2158,1085"/>
        <TextEquiv>
          <Unicode>Gechter &amp; Kühne, A.-G.,</Unicode>
        </TextEquiv>
      </TextLine>
      <TextLine id="eSc_line_ee7d94e6" >
        <Coords points="1379,1150 1377,1170 2484,1189 2488,1161 2486,1108 2172,1113 2067,1102 2023,1097 2021,1097 2019,1097 2016,1097 2016,1099 2014,1102 2003,1113 1957,1113 1913,1099 1904,1097 1902,1097 1899,1097 1897,1097 1895,1097 1895,1099 1879,1113 1824,1113 1792,1097 1785,1095 1783,1095 1780,1095 1764,1097 1709,1108 1693,1095 1691,1095 1689,1095 1686,1095 1684,1095 1682,1095 1652,1108 1379,1092 1379,1150"/>
        <Baseline points="1379,1150 2488,1161"/>
        <TextEquiv>
          <Unicode>Heidenau b. Dresden, Königstraße 14.</Unicode>
        </TextEquiv>
      </TextLine>
      <TextLine id="eSc_line_cdc42a75" >
        <Coords points="1381,1216 1379,1239 2353,1246 2358,1228 2355,1193 1381,1173 1381,1216"/>
        <Baseline points="1381,1216 2358,1228"/>
        <TextEquiv>
          <Unicode>Fernruf: 799 u. 899. Drahtanschrift: gechter</Unicode>
        </TextEquiv>
      </TextLine>
      <TextLine id="eSc_line_5bed50dc" >
        <Coords points="1384,1257 1381,1273 2058,1285 2062,1266 2060,1228 1384,1225 1384,1257"/>
        <Baseline points="1384,1257 2062,1266"/>
        <TextEquiv>
          <Unicode>Gründung: 1897; seit 1922 A.-G.</Unicode>
        </TextEquiv>
      </TextLine>
      <TextLine id="eSc_line_7c159a02" >
        <Coords points="2023,1266 2000,1266 1977,1266 1954,1266 1931,1266 1929,1266 1432,1269 1384,1257 1381,1257 1381,1299 1379,1319 2534,1335 2539,1310 2537,1280 2310,1280 2296,1273 2273,1266 2271,1266 2268,1266 2046,1266 2023,1266"/>
        <Baseline points="1381,1299 2539,1310"/>
        <TextEquiv>
          <Unicode>Fabrikationsprogramm: Maschinen, Geräte u. Formen</Unicode>
        </TextEquiv>
      </TextLine>
      <TextLine id="eSc_line_bb556035" >
        <Coords points="1384,1338 1381,1360 2532,1383 2537,1358 2534,1328 1384,1308 1384,1338"/>
        <Baseline points="1384,1338 2537,1358"/>
        <TextEquiv>
          <Unicode>für Konditoreien, Bäckereien, Hotels u. Großküchen;</Unicode>
        </TextEquiv>
      </TextLine>
      <TextLine id="eSc_line_5ad7400c" >
        <Coords points="1381,1381 1379,1399 2532,1415 2537,1395 2534,1365 1381,1351 1381,1381"/>
        <Baseline points="1381,1381 2537,1395"/>
        <TextEquiv>
          <Unicode>Spezialmaschinen für die Schokolade-Industrie, für die</Unicode>
        </TextEquiv>
      </TextLine>
      <TextLine id="eSc_line_97345aa8" >
        <Coords points="1381,1425 1379,1443 2534,1466 2539,1441 2539,1409 1381,1386 1381,1425"/>
        <Baseline points="1381,1425 2539,1441"/>
        <TextEquiv>
          <Unicode>Herstellung von Mayonnaise u. Emulsionen u. für die</Unicode>
        </TextEquiv>
      </TextLine>
      <TextLine id="eSc_line_eabe1cb1" >
        <Coords points="1381,1468 1379,1486 2433,1498 2438,1482 2436,1450 1381,1436 1381,1468"/>
        <Baseline points="1381,1468 2438,1482"/>
        <TextEquiv>
          <Unicode>pharmazeutische u. chemisch-kosmetische Industrie.</Unicode>
        </TextEquiv>
      </TextLine>
      <TextLine id="eSc_line_acc333d3" >
        <Coords points="1388,1512 1386,1530 1851,1537 1856,1514 1854,1480 1388,1475 1388,1512"/>
        <Baseline points="1388,1512 1856,1514"/>
        <TextEquiv>
          <Unicode>Kapital: RM 500 000.—</Unicode>
        </TextEquiv>
      </TextLine>
      <TextLine id="eSc_line_b873623e" >
        <Coords points="1384,1551 1381,1571 2532,1594 2537,1569 2537,1537 1384,1519 1384,1551"/>
        <Baseline points="1384,1551 2537,1569"/>
        <TextEquiv>
          <Unicode>Großaktionäre: Felix Gechter, Dresden; Walter Kühne,</Unicode>
        </TextEquiv>
      </TextLine>
      <TextLine id="eSc_line_7e21eae7" >
        <Coords points="1381,1592 1379,1612 1574,1615 1579,1596 1576,1560 1381,1557 1381,1592"/>
        <Baseline points="1381,1592 1579,1596"/>
        <TextEquiv>
          <Unicode>Heidenau.</Unicode>
        </TextEquiv>
      </TextLine>
      <TextLine id="eSc_line_40888e71" >
        <Coords points="1384,1633 1381,1649 2229,1665 2234,1645 2232,1612 1384,1599 1384,1633"/>
        <Baseline points="1384,1633 2234,1645"/>
        <TextEquiv>
          <Unicode>Vorstand: Felix Gechter, Walter Kühne.</Unicode>
        </TextEquiv>
      </TextLine>
      <TextLine id="eSc_line_b8368d30" >
        <Coords points="1381,1677 1379,1697 2534,1713 2539,1693 2537,1656 1381,1638 1381,1677"/>
        <Baseline points="1381,1677 2539,1693"/>
        <TextEquiv>
          <Unicode>Prokuristen: Karl Benedix, Hans-Joachim Kühne, Wolf-</Unicode>
        </TextEquiv>
      </TextLine>
      <TextLine id="eSc_line_a54e9db9" >
        <Coords points="1379,1722 1379,1748 1615,1743 1615,1722 1613,1690 1379,1690 1379,1722"/>
        <Baseline points="1379,1722 1615,1722"/>
        <TextEquiv>
          <Unicode>gang Stulz.</Unicode>
        </TextEquiv>
      </TextLine>
      <TextLine id="eSc_line_586bd649" >
        <Coords points="1379,1761 1377,1782 2532,1803 2537,1775 2534,1741 1379,1729 1379,1761"/>
        <Baseline points="1379,1761 2537,1775"/>
        <TextEquiv>
          <Unicode>Aufsichtsrat: Vors.: Dir. Leonhard Harnisch, Dresden;</Unicode>
        </TextEquiv>
      </TextLine>
      <TextLine id="eSc_line_c127d1a2" >
        <Coords points="1381,1803 1379,1823 2349,1839 2353,1819 2351,1787 1381,1766 1381,1803"/>
        <Baseline points="1381,1803 2353,1819"/>
        <TextEquiv>
          <Unicode>Stellv.: Baumeister Hermann Paulick, Dresden.</Unicode>
        </TextEquiv>
      </TextLine>
      <TextLine id="eSc_line_27ea2aa9" >
        <Coords points="1379,1846 1377,1867 2527,1883 2532,1862 2530,1823 1379,1807 1379,1846"/>
        <Baseline points="1379,1846 2532,1862"/>
        <TextEquiv>
          <Unicode>Bankverbindungen: Commerz- u. Privat-Bank, A.-G.,</Unicode>
        </TextEquiv>
      </TextLine>
      <TextLine id="eSc_line_e4436114" >
        <Coords points="1377,1885 1375,1906 2527,1933 2532,1906 2530,1874 1377,1853 1377,1885"/>
        <Baseline points="1377,1885 2532,1906"/>
        <TextEquiv>
          <Unicode>Heidenau; Deutsche Bank u. Disconto-Ges., Dresden;</Unicode>
        </TextEquiv>
      </TextLine>
      <TextLine id="eSc_line_07c7799d" >
        <Coords points="1379,1926 1377,1947 1757,1954 1762,1935 1760,1903 1379,1887 1379,1926"/>
        <Baseline points="1379,1926 1762,1935"/>
        <TextEquiv>
          <Unicode>Reichsbank, Pirna.</Unicode>
        </TextEquiv>
      </TextLine>
      <TextLine id="eSc_line_695399b8" >
        <Coords points="1377,1970 1375,1988 2094,1997 2099,1979 2097,1945 1377,1931 1377,1970"/>
        <Baseline points="1377,1970 2099,1979"/>
        <TextEquiv>
          <Unicode>Postscheck-Konto: 1146 Dresden.</Unicode>
        </TextEquiv>
      </TextLine>
      <TextLine id="eSc_line_1ff4ec4e" >
        <Coords points="1384,2016 1381,2034 1948,2039 1952,2018 1950,1986 1384,1981 1384,2016"/>
        <Baseline points="1384,2016 1952,2018"/>
        <TextEquiv>
          <Unicode>Geschäftsjahr: 1./9.—31./S.</Unicode>
        </TextEquiv>
      </TextLine>
      <TextLine id="eSc_line_2ea791b4" >
        <Coords points="1375,2078 1372,2096 2342,2112 2346,2091 2344,2059 1375,2043 1375,2078"/>
        <Baseline points="1375,2078 2346,2091"/>
        <TextEquiv>
          <Unicode>Grundbesitz: 8400 qm, davon 3509 qm bebaut.</Unicode>
        </TextEquiv>
      </TextLine>
      <TextLine id="eSc_line_7e65406b" >
        <Coords points="2525,2103 1377,2089 1377,2123 1375,2142 2527,2155 2532,2137 2532,2114 2525,2103"/>
        <Baseline points="1377,2123 2532,2137"/>
        <TextEquiv>
          <Unicode>Anlagen: Metallwerkstätten: Dreherei, Fräserei und</Unicode>
        </TextEquiv>
      </TextLine>
      <TextLine id="eSc_line_f4d4c515" >
        <Coords points="1372,2160 1370,2181 2525,2206 2530,2181 2530,2144 1372,2126 1372,2160"/>
        <Baseline points="1372,2160 2530,2181"/>
        <TextEquiv>
          <Unicode>Zieherei; Schweiß- u. Verzinnungsanlage; Tischlerei u.</Unicode>
        </TextEquiv>
      </TextLine>
      <TextLine id="eSc_line_989799c3" >
        <Coords points="1375,2201 1372,2224 1611,2231 1615,2206 1613,2176 1375,2169 1375,2201"/>
        <Baseline points="1375,2201 1615,2206"/>
        <TextEquiv>
          <Unicode>Lackiererei.</Unicode>
        </TextEquiv>
      </TextLine>
      <TextLine id="eSc_line_c461afb6" >
        <Coords points="1375,2247 1372,2265 2461,2288 2465,2263 2463,2229 1375,2210 1375,2247"/>
        <Baseline points="1375,2247 2465,2263"/>
        <TextEquiv>
          <Unicode>Eigene Vertretung in Berlin: Friedrich Horbach,</Unicode>
        </TextEquiv>
      </TextLine>
      <TextLine id="eSc_line_a3e25f59" >
        <Coords points="1377,2286 1375,2309 1943,2323 1948,2295 1945,2261 1377,2249 1377,2286"/>
        <Baseline points="1377,2286 1948,2295"/>
        <TextEquiv>
          <Unicode>N0 55, Rastenburger Str. 2.</Unicode>
        </TextEquiv>
      </TextLine>
      <TextLine id="eSc_line_94769a8b" >
        <Coords points="1372,2332 1370,2348 2520,2371 2525,2350 2525,2318 1372,2293 1372,2332"/>
        <Baseline points="1372,2332 2525,2350"/>
        <TextEquiv>
          <Unicode>Eigene Vertretungen im Ausland: Dänemark, Holland,</Unicode>
        </TextEquiv>
      </TextLine>
      <TextLine id="eSc_line_43c34dfb" >
        <Coords points="1372,2371 1370,2389 2520,2410 2525,2391 2523,2362 1372,2339 1372,2371"/>
        <Baseline points="1372,2371 2525,2391"/>
        <TextEquiv>
          <Unicode>Belgien, Frankreich, Palästina, Argentinien, Niederl.-</Unicode>
        </TextEquiv>
      </TextLine>
      <TextLine id="eSc_line_818dd44e" >
        <Coords points="1375,2414 1375,2440 1512,2440 1512,2414 1512,2385 1375,2378 1375,2414"/>
        <Baseline points="1375,2414 1512,2414"/>
        <TextEquiv>
          <Unicode>Indien.</Unicode>
        </TextEquiv>
      </TextLine>
      <TextLine id="eSc_line_7616656e" >
        <Coords points="1370,2456 1368,2483 2525,2495 2530,2474 2527,2433 1370,2417 1370,2456"/>
        <Baseline points="1370,2456 2530,2474"/>
        <TextEquiv>
          <Unicode>Besondere Angaben: Vom Gesamt-Umsatz entfielen</Unicode>
        </TextEquiv>
      </TextLine>
      <TextLine id="eSc_line_7f25425f" >
        <Coords points="1379,2499 1377,2524 1925,2527 1929,2504 1927,2472 1379,2460 1379,2499"/>
        <Baseline points="1379,2499 1929,2504"/>
        <TextEquiv>
          <Unicode>1936: 15% auf den Export.</Unicode>
        </TextEquiv>
      </TextLine>
      <TextLine id="eSc_line_006fdf71" >
        <Coords points="1372,2538 1370,2559 2525,2584 2530,2556 2527,2520 1372,2504 1372,2538"/>
        <Baseline points="1372,2538 2530,2556"/>
        <TextEquiv>
          <Unicode>Gefolgschaft: Im Durchschnitt 148 Arbeiter (davon 25</Unicode>
        </TextEquiv>
      </TextLine>
      <TextLine id="eSc_line_dd943069" >
        <Coords points="1372,2584 1370,2604 2429,2625 2433,2600 2431,2568 1372,2545 1372,2584"/>
        <Baseline points="1372,2584 2433,2600"/>
        <TextEquiv>
          <Unicode>Lehrlinge) u. 53 Angestellte (davon 11 Lehrlinge).</Unicode>
        </TextEquiv>
      </TextLine>
      <TextLine id="eSc_line_15b55f40" >
        <Coords points="2427,2600 2404,2600 2381,2600 2358,2600 2335,2600 2312,2600 2289,2600 2266,2598 2243,2598 2220,2598 2197,2598 2174,2598 2152,2598 2135,2595 2060,2595 2060,2595 2037,2595 2014,2595 1991,2595 1982,2593 1831,2593 1831,2593 1828,2591 1372,2588 1372,2623 1370,2643 2518,2659 2523,2637 2520,2600 2427,2598 2427,2600"/>
        <Baseline points="1372,2623 2523,2637"/>
        <TextEquiv>
          <Unicode>Zur Ausbildung des Nachwuchses besteht eine besondere</Unicode>
        </TextEquiv>
      </TextLine>
      <TextLine id="eSc_line_0b9e4edb" >
        <Coords points="1370,2669 1368,2687 2518,2710 2523,2682 2520,2650 1370,2630 1370,2669"/>
        <Baseline points="1370,2669 2523,2682"/>
        <TextEquiv>
          <Unicode>Lehrlings-Werkstätte. Für die kaufmännischen Lehr-</Unicode>
        </TextEquiv>
      </TextLine>
      <TextLine id="eSc_line_9cfd7531" >
        <Coords points="1365,2710 1363,2733 2326,2747 2330,2724 2330,2692 1365,2673 1365,2710"/>
        <Baseline points="1365,2710 2330,2724"/>
        <TextEquiv>
          <Unicode>linge sind Abend-Schulungs-Kurse eingerichtet.</Unicode>
        </TextEquiv>
      </TextLine>
    </TextRegion>
    <TextRegion id="r_1_1"  >
      <Coords points="2111,252 2549,252 2549,313 2111,313"/>
      <TextLine id="eSc_line_8ce449b9" >
        <Coords points="2537,254 2507,247 2491,247 2468,247 2456,247 2413,254 2406,254 2394,254 2321,247 2307,247 2284,247 2262,247 2239,247 2216,247 2193,247 2170,247 2158,247 2119,249 2101,263 2101,288 2099,302 2149,320 2152,320 2154,320 2275,309 2310,307 2328,311 2351,318 2353,318 2355,318 2385,313 2408,309 2415,313 2424,323 2427,323 2429,323 2431,323 2553,318 2555,293 2553,284 2537,254"/>
        <Baseline points="2101,288 2555,293"/>
        <TextEquiv>
          <Unicode>Gebläse — Geha</Unicode>
        </TextEquiv>
      </TextLine>
    </TextRegion>
    <TextRegion id="r_4_1"  >
      <Coords points="79,2216 1243,2216 1243,3726 79,3726"/>
      <TextLine id="eSc_line_020581ba" >
        <Coords points="91,2277 540,2297 543,2297 614,2286 699,2297 701,2297 703,2297 705,2297 719,2284 721,2268 721,2224 655,2206 653,2206 650,2206 648,2206 646,2206 625,2222 621,2224 600,2220 552,2210 550,2210 547,2210 531,2217 513,2224 478,2215 437,2204 435,2204 433,2204 430,2204 412,2213 394,2222 373,2210 364,2204 362,2204 359,2204 357,2204 323,2208 249,2220 224,2204 222,2201 220,2201 217,2201 215,2201 199,2204 146,2210 96,2199 93,2261 91,2277"/>
        <Baseline points="93,2261 721,2268"/>
        <TextEquiv>
          <Unicode>Gebler-Werke, A.-G.,</Unicode>
        </TextEquiv>
      </TextLine>
      <TextLine id="eSc_line_bab23649" >
        <Coords points="93,2357 440,2357 440,2334 440,2291 178,2272 176,2272 174,2272 167,2275 142,2288 96,2272 93,2334 93,2357"/>
        <Baseline points="93,2334 440,2334"/>
        <TextEquiv>
          <Unicode>Radebeul 1,</Unicode>
        </TextEquiv>
      </TextLine>
      <TextLine id="eSc_line_41164b34" >
        <Coords points="93,2401 91,2421 912,2435 916,2414 916,2371 896,2359 893,2359 891,2359 889,2359 813,2371 802,2373 788,2371 728,2357 726,2357 605,2364 517,2369 508,2359 501,2355 501,2352 499,2352 497,2352 495,2352 446,2357 380,2366 371,2355 368,2352 366,2352 366,2350 364,2350 362,2350 359,2350 309,2352 176,2362 93,2346 93,2401"/>
        <Baseline points="93,2401 916,2414"/>
        <TextEquiv conf="0.9999998991306012">
          <Unicode>Martin-Mutschmann-Str. 22.</Unicode>
        </TextEquiv>
      </TextLine>
      <TextLine id="eSc_line_75a2b35e" >
        <Coords points="91,2469 89,2488 1143,2501 1148,2483 1148,2449 1106,2437 1104,2437 1102,2437 1033,2446 1012,2449 1003,2446 976,2435 974,2435 971,2435 875,2444 847,2446 841,2444 822,2435 820,2435 91,2435 91,2469"/>
        <Baseline points="91,2469 1148,2483"/>
        <TextEquiv>
          <Unicode>Fernruf: 72 144/45. Drahtanschrift: geblerwerke</Unicode>
        </TextEquiv>
      </TextLine>
      <TextLine id="eSc_line_23804690" >
        <Coords points="93,2513 91,2529 756,2545 760,2522 758,2488 93,2474 93,2513"/>
        <Baseline points="93,2513 760,2522"/>
        <TextEquiv>
          <Unicode>Gründung: 1876; seit 1896 A.-G.</Unicode>
        </TextEquiv>
      </TextLine>
      <TextLine id="eSc_line_7ae30128" >
        <Coords points="91,2554 89,2577 1235,2584 1239,2561 1239,2531 91,2515 91,2554"/>
        <Baseline points="91,2554 1239,2561"/>
        <TextEquiv>
          <Unicode>Fabrikationsprogramm: Hochsäurebeständig emaillierte</Unicode>
        </TextEquiv>
      </TextLine>
      <TextLine id="eSc_line_3217a828" >
        <Coords points="93,2595 91,2614 1230,2634 1235,2607 1232,2577 93,2566 93,2595"/>
        <Baseline points="93,2595 1235,2607"/>
        <TextEquiv>
          <Unicode>Gefäße u. Apparate aus Gußeisen u. Schmiedeeisen in</Unicode>
        </TextEquiv>
      </TextLine>
      <TextLine id="eSc_line_d5ce4a0c" >
        <Coords points="93,2639 91,2659 1230,2671 1235,2653 1232,2618 93,2600 93,2639"/>
        <Baseline points="93,2639 1235,2653"/>
        <TextEquiv>
          <Unicode>jeder Ausführung u. Größe für die chemische, pharmazeu-</Unicode>
        </TextEquiv>
      </TextLine>
      <TextLine id="eSc_line_3fa7f25d" >
        <Coords points="93,2678 91,2698 1125,2714 1129,2694 1127,2657 93,2648 93,2678"/>
        <Baseline points="93,2678 1129,2694"/>
        <TextEquiv>
          <Unicode>tische, Farben-, Lack-, Nährmittel- u. Öl-Industrie.</Unicode>
        </TextEquiv>
      </TextLine>
      <TextLine id="eSc_line_14cbff52" >
        <Coords points="93,2721 91,2740 591,2747 595,2728 593,2696 93,2687 93,2721"/>
        <Baseline points="93,2721 595,2728"/>
        <TextEquiv>
          <Unicode>Kapital: RM 1 105 800.—</Unicode>
        </TextEquiv>
      </TextLine>
      <TextLine id="eSc_line_428ffde4" >
        <Coords points="96,2765 93,2783 1232,2797 1237,2779 1237,2747 96,2726 96,2765"/>
        <Baseline points="96,2765 1237,2779"/>
        <TextEquiv>
          <Unicode>Vorstand: Dir. Karl Schmitt, Dresden; Dir. Ludwig</Unicode>
        </TextEquiv>
      </TextLine>
      <TextLine id="eSc_line_e6ed5346" >
        <Coords points="93,2804 91,2822 508,2840 513,2815 511,2783 93,2772 93,2804"/>
        <Baseline points="93,2804 513,2815"/>
        <TextEquiv>
          <Unicode>Scharlibbe, Radebeul.</Unicode>
        </TextEquiv>
      </TextLine>
      <TextLine id="eSc_line_aa9db44c" >
        <Coords points="91,2847 89,2873 1157,2882 1161,2861 1159,2829 91,2811 91,2847"/>
        <Baseline points="91,2847 1161,2861"/>
        <TextEquiv>
          <Unicode>Prokuristen: Johannes Bütting, Fritz Bartholomäus.</Unicode>
        </TextEquiv>
      </TextLine>
      <TextLine id="eSc_line_7a6c5523" >
        <Coords points="96,2889 93,2912 1230,2928 1235,2902 1235,2873 96,2857 96,2889"/>
        <Baseline points="96,2889 1235,2902"/>
        <TextEquiv>
          <Unicode>Aufsichtsrat: Vors.: Bankdir. Friedrich Ilschner; Stellv.:</Unicode>
        </TextEquiv>
      </TextLine>
      <TextLine id="eSc_line_b7b39440" >
        <Coords points="93,2930 91,2953 717,2964 721,2941 719,2912 93,2893 93,2930"/>
        <Baseline points="93,2930 721,2941"/>
        <TextEquiv>
          <Unicode>Dir. Franz Bergmann, Dresden.</Unicode>
        </TextEquiv>
      </TextLine>
      <TextLine id="eSc_line_4248a490" >
        <Coords points="91,2973 89,2989 293,3005 295,3008 1232,3008 1235,2987 1232,2957 91,2934 91,2973"/>
        <Baseline points="91,2973 1235,2987"/>
        <TextEquiv>
          <Unicode>Bankverbindungen: Gebr. Arnold, Berlin; Bayer &amp;</Unicode>
        </TextEquiv>
      </TextLine>
      <TextLine id="eSc_line_21dc6815" >
        <Coords points="98,3015 96,3038 176,3051 178,3051 265,3042 279,3042 1226,3063 1230,3028 1228,2994 98,2978 98,3015"/>
        <Baseline points="98,3015 1230,3028"/>
        <TextEquiv>
          <Unicode>Heinze, Chemnitz u. Leipzig; Dresdner Bank, Reichs-</Unicode>
        </TextEquiv>
      </TextLine>
      <TextLine id="eSc_line_50d24f50" >
        <Coords points="93,3054 91,3076 382,3090 387,3063 387,3028 93,3017 93,3054"/>
        <Baseline points="93,3054 387,3063"/>
        <TextEquiv>
          <Unicode>bank, Dresden.</Unicode>
        </TextEquiv>
      </TextLine>
      <TextLine id="eSc_line_9efbc139" >
        <Coords points="89,3102 87,3122 790,3138 795,3111 795,3079 89,3070 89,3102"/>
        <Baseline points="89,3102 795,3111"/>
        <TextEquiv>
          <Unicode>Postscheck-Konto: 7667 Dresden.</Unicode>
        </TextEquiv>
      </TextLine>
      <TextLine id="eSc_line_be3149bc" >
        <Coords points="91,3147 89,3168 676,3186 680,3157 678,3125 91,3115 91,3147"/>
        <Baseline points="91,3147 680,3157"/>
        <TextEquiv>
          <Unicode>Geschäftsjahr: 1./10.—30./9.</Unicode>
        </TextEquiv>
      </TextLine>
      <TextLine id="eSc_line_e2912a61" >
        <Coords points="89,3209 87,3230 1104,3253 1109,3225 1106,3182 238,3182 89,3166 89,3209"/>
        <Baseline points="89,3209 1109,3225"/>
        <TextEquiv>
          <Unicode>Grundbesitz: 33 654 qm, davon 17 170 qm bebaut.</Unicode>
        </TextEquiv>
      </TextLine>
      <TextLine id="eSc_line_c14cd36e" >
        <Coords points="96,3257 93,3278 1226,3296 1230,3267 1230,3230 96,3221 96,3257"/>
        <Baseline points="96,3257 1230,3267"/>
        <TextEquiv>
          <Unicode>Anlagen: Hand- u. Maschinenformerei, Gußputzerei mit</Unicode>
        </TextEquiv>
      </TextLine>
      <TextLine id="eSc_line_ef88d6d6" >
        <Coords points="91,3296 89,3315 252,3331 254,3331 339,3322 341,3322 343,3322 414,3333 1223,3338 1228,3312 1226,3283 91,3262 91,3296"/>
        <Baseline points="91,3296 1228,3312"/>
        <TextEquiv>
          <Unicode>Schleiferei, Sandstrahlgebläse-Anlage, Kernmacherei,</Unicode>
        </TextEquiv>
      </TextLine>
      <TextLine id="eSc_line_f4dbe147" >
        <Coords points="96,3340 93,3363 1221,3381 1226,3351 1223,3319 96,3303 96,3340"/>
        <Baseline points="96,3340 1226,3351"/>
        <TextEquiv>
          <Unicode>Sandaufbereitungsanlage, 6 Kupolöfen; Modell-Schlosserei</Unicode>
        </TextEquiv>
      </TextLine>
      <TextLine id="eSc_line_237b31a2" >
        <Coords points="91,3379 89,3404 1029,3427 1031,3427 1033,3427 1035,3427 1054,3416 1166,3427 1168,3427 1226,3413 1228,3395 1226,3365 91,3349 91,3379"/>
        <Baseline points="91,3379 545,3395 1228,3395"/>
        <TextEquiv>
          <Unicode>u. -Tischlerei; Emaillierwerk, Laboratorium. Gleis-</Unicode>
        </TextEquiv>
      </TextLine>
      <TextLine id="eSc_line_702a3df6" >
        <Coords points="89,3422 87,3445 254,3450 258,3429 258,3395 89,3388 89,3422"/>
        <Baseline points="89,3422 258,3429"/>
        <TextEquiv>
          <Unicode>anschluß.</Unicode>
        </TextEquiv>
      </TextLine>
      <TextLine id="eSc_line_8fcdec8a" >
        <Coords points="91,3464 89,3489 181,3503 183,3503 660,3496 673,3507 676,3507 678,3507 957,3509 960,3509 1230,3498 1232,3480 1232,3452 978,3452 969,3445 953,3438 951,3438 948,3438 802,3443 669,3448 634,3441 611,3436 609,3436 540,3438 385,3445 288,3434 279,3434 277,3434 270,3434 197,3443 91,3432 91,3464"/>
        <Baseline points="91,3464 460,3480 1232,3480"/>
        <TextEquiv>
          <Unicode>Besondere Angaben: Als Gießerei gegründet, wurde</Unicode>
        </TextEquiv>
      </TextLine>
      <TextLine id="eSc_line_7bdbd280" >
        <Coords points="504,3482 481,3482 472,3480 91,3475 91,3505 89,3528 1223,3544 1228,3523 1226,3493 515,3482 504,3482"/>
        <Baseline points="91,3505 600,3523 1228,3523"/>
        <TextEquiv>
          <Unicode>1889 ein Emaillierwerk errichtet, — 1920 grundlegende</Unicode>
        </TextEquiv>
      </TextLine>
      <TextLine id="eSc_line_8673a4e8" >
        <Coords points="641,3526 618,3526 609,3523 91,3516 91,3548 89,3574 1221,3587 1226,3562 1221,3535 655,3526 641,3526"/>
        <Baseline points="91,3548 593,3564 1226,3562"/>
        <TextEquiv>
          <Unicode>Erweiterung des Emaillierwerkes. Die Qualität der säure-</Unicode>
        </TextEquiv>
      </TextLine>
      <TextLine id="eSc_line_500fd10c" >
        <Coords points="91,3590 89,3619 1219,3626 1223,3603 1219,3574 91,3562 91,3590"/>
        <Baseline points="91,3590 517,3606 1223,3603"/>
        <TextEquiv>
          <Unicode>festen „Gebler-Emaille“ hat diesem Geschäftszweig inner-</Unicode>
        </TextEquiv>
      </TextLine>
      <TextLine id="eSc_line_cf1d5b13" >
        <Coords points="91,3638 89,3654 467,3674 469,3674 472,3674 501,3663 882,3679 884,3679 996,3668 1065,3681 1067,3681 1221,3668 1223,3652 1221,3622 91,3601 91,3638"/>
        <Baseline points="91,3638 1223,3652"/>
        <TextEquiv>
          <Unicode>halb weniger Jahre einen sehr beachtenswerten Auf-</Unicode>
        </TextEquiv>
      </TextLine>
      <TextLine id="eSc_line_87e80c86" >
        <Coords points="87,3677 84,3713 307,3713 320,3720 325,3725 327,3725 330,3725 332,3725 373,3723 476,3711 524,3725 538,3727 540,3727 543,3727 568,3725 639,3716 692,3727 710,3729 712,3729 737,3727 841,3716 914,3729 925,3732 928,3732 941,3732 1017,3718 1049,3732 1054,3734 1056,3734 1058,3734 1061,3734 1065,3732 1090,3720 1221,3734 1226,3695 1223,3665 87,3645 87,3677"/>
        <Baseline points="87,3677 513,3693 1226,3695"/>
        <TextEquiv>
          <Unicode>schwung verliehen. Ein eigenes hüttentechnisches u.</Unicode>
        </TextEquiv>
      </TextLine>
    </TextRegion>
    <TextRegion id="r_7_1"  >
      <Coords points="1354,2802 2525,2802 2525,3731 1354,3731"/>
      <TextLine id="eSc_line_e8c3d799" >
        <Coords points="1365,2845 1363,2861 1430,2875 1432,2875 1679,2870 1764,2870 2367,2889 2372,2861 2369,2815 2126,2815 2119,2811 2113,2804 2113,2802 2110,2802 2108,2802 2051,2799 2048,2799 2046,2799 2012,2808 1993,2813 1977,2808 1943,2797 1941,2797 1938,2797 1895,2806 1883,2808 1867,2806 1794,2795 1792,2795 1789,2795 1764,2804 1753,2811 1695,2811 1691,2804 1682,2797 1682,2795 1679,2795 1677,2795 1675,2795 1673,2795 1645,2804 1636,2806 1631,2804 1622,2795 1622,2792 1620,2792 1618,2792 1544,2792 1542,2792 1540,2792 1537,2792 1528,2802 1521,2806 1501,2802 1464,2790 1462,2790 1459,2790 1457,2790 1455,2790 1439,2799 1432,2804 1420,2799 1395,2790 1393,2790 1391,2790 1388,2790 1365,2797 1365,2845"/>
        <Baseline points="1365,2845 2372,2861"/>
        <TextEquiv>
          <Unicode>Geha-Werke Gebrüder Hartmann,</Unicode>
        </TextEquiv>
      </TextLine>
      <TextLine id="eSc_line_bb0574a6" >
        <Coords points="1361,2918 1359,2937 1404,2950 1407,2950 1409,2950 1636,2946 1737,2944 2113,2957 2117,2928 2117,2882 2090,2868 2087,2868 2085,2868 1961,2879 1938,2882 1936,2879 1927,2868 1925,2868 1925,2866 1922,2866 1920,2866 1918,2866 1915,2866 1913,2866 1897,2879 1895,2879 1876,2877 1776,2866 1773,2866 1771,2866 1750,2875 1741,2879 1730,2875 1707,2863 1705,2863 1702,2863 1700,2863 1668,2873 1650,2877 1361,2866 1361,2918"/>
        <Baseline points="1361,2918 2117,2928"/>
        <TextEquiv>
          <Unicode>Fabriken für Bürobedarf,</Unicode>
        </TextEquiv>
      </TextLine>
      <TextLine id="eSc_line_cefbf736" >
        <Coords points="1363,2987 1361,3008 1673,3012 1677,2992 1677,2955 1613,2937 1611,2937 1608,2937 1606,2937 1604,2937 1592,2948 1588,2953 1498,2953 1482,2939 1480,2939 1478,2939 1475,2939 1473,2939 1471,2939 1436,2950 1420,2937 1420,2934 1418,2934 1416,2934 1363,2932 1363,2987"/>
        <Baseline points="1363,2987 1677,2992"/>
        <TextEquiv>
          <Unicode>Hannover.</Unicode>
        </TextEquiv>
      </TextLine>
      <TextLine id="eSc_line_77720a49" >
        <Coords points="1363,3054 1361,3081 2197,3086 2202,3067 2200,3033 1363,3012 1363,3054"/>
        <Baseline points="1363,3054 2202,3067"/>
        <TextEquiv>
          <Unicode>Fernruf: 62 041. Drahtanschrift: geha</Unicode>
        </TextEquiv>
      </TextLine>
      <TextLine id="eSc_line_ecbe68b5" >
        <Coords points="1363,3097 1361,3120 1718,3122 1723,3102 1721,3067 1363,3067 1363,3097"/>
        <Baseline points="1363,3097 1723,3102"/>
        <TextEquiv>
          <Unicode>Gründung: 1918.</Unicode>
        </TextEquiv>
      </TextLine>
      <TextLine id="eSc_line_4782b6a7" >
        <Coords points="2509,3120 2507,3118 1363,3104 1363,3141 1361,3159 2511,3184 2516,3157 2516,3122 2509,3120"/>
        <Baseline points="1363,3141 2516,3157"/>
        <TextEquiv>
          <Unicode>Fabrikationsprogramm: Vervielfältigungsmaschinen,</Unicode>
        </TextEquiv>
      </TextLine>
      <TextLine id="eSc_line_5dae9477" >
        <Coords points="1365,3182 1363,3196 1398,3209 1400,3209 1402,3209 1808,3209 2000,3209 2021,3214 2041,3221 2044,3221 2046,3221 2048,3221 2064,3216 2080,3212 2511,3228 2516,3202 2514,3170 1365,3143 1365,3182"/>
        <Baseline points="1365,3182 2516,3202"/>
        <TextEquiv>
          <Unicode>Vervielfältigungsapparate, Vervielfältigungszubehör,</Unicode>
        </TextEquiv>
      </TextLine>
      <TextLine id="eSc_line_1f7745e4" >
        <Coords points="1361,3225 1359,3244 2511,3262 2516,3244 2516,3212 1361,3191 1361,3225"/>
        <Baseline points="1361,3225 2516,3244"/>
        <TextEquiv>
          <Unicode>Kohlepapiere, Durchschreibepapiere, Farbbänder, Dauer-</Unicode>
        </TextEquiv>
      </TextLine>
      <TextLine id="eSc_line_b2ed7e18" >
        <Coords points="1363,3267 1361,3287 1620,3303 1622,3303 1821,3301 1950,3299 1982,3303 2012,3310 2014,3310 2062,3306 2124,3301 2133,3308 2138,3312 2140,3312 2142,3312 2145,3312 2209,3310 2369,3303 2390,3315 2392,3317 2394,3317 2397,3317 2399,3319 2516,3319 2518,3287 2516,3255 1363,3235 1363,3267"/>
        <Baseline points="1363,3267 2518,3287"/>
        <TextEquiv>
          <Unicode>schablonenpapier, Vervielfältigungsfarben und andere</Unicode>
        </TextEquiv>
      </TextLine>
      <TextLine id="eSc_line_92724e58" >
        <Coords points="1363,3310 1363,3335 1592,3340 1595,3310 1595,3280 1363,3276 1363,3310"/>
        <Baseline points="1363,3310 1595,3310"/>
        <TextEquiv>
          <Unicode>Büroartikel</Unicode>
        </TextEquiv>
      </TextLine>
      <TextLine id="eSc_line_64f1fcb8" >
        <Coords points="1361,3354 1359,3370 1778,3388 1780,3388 2092,3381 2135,3393 2138,3393 2140,3393 2518,3383 2520,3367 2518,3331 1361,3317 1361,3354"/>
        <Baseline points="1361,3354 2520,3367"/>
        <TextEquiv>
          <Unicode>Inhaber: Fabrikanten Heinrich Hartmann, Conrad</Unicode>
        </TextEquiv>
      </TextLine>
      <TextLine id="eSc_line_45e13483" >
        <Coords points="1361,3395 1361,3422 1572,3418 1572,3395 1572,3363 1361,3361 1361,3395"/>
        <Baseline points="1361,3395 1572,3395"/>
        <TextEquiv>
          <Unicode>Hartmann.</Unicode>
        </TextEquiv>
      </TextLine>
      <TextLine id="eSc_line_4a832f7f" >
        <Coords points="1361,3436 1359,3457 2514,3473 2518,3452 2518,3420 1361,3404 1361,3436"/>
        <Baseline points="1361,3436 2518,3452"/>
        <TextEquiv>
          <Unicode>Prokuristen: Direktor Leonhard Kampczyk, Kaufmann</Unicode>
        </TextEquiv>
      </TextLine>
      <TextLine id="eSc_line_1e33b3b5" >
        <Coords points="1361,3480 1359,3498 2509,3512 2514,3493 2511,3459 1361,3441 1361,3480"/>
        <Baseline points="1361,3480 2514,3493"/>
        <TextEquiv>
          <Unicode>Wilhelm Hartmann, Kaufmann Adolf Hartmann, Dipl.-</Unicode>
        </TextEquiv>
      </TextLine>
      <TextLine id="eSc_line_f1bad814" >
        <Coords points="1361,3521 1359,3542 1931,3551 1936,3530 1934,3496 1361,3482 1361,3521"/>
        <Baseline points="1361,3521 1936,3530"/>
        <TextEquiv>
          <Unicode>Kaufm. Heinrich Wehrhahn.</Unicode>
        </TextEquiv>
      </TextLine>
      <TextLine id="eSc_line_ad47e288" >
        <Coords points="1817,3530 1794,3530 1789,3528 1359,3526 1359,3567 1356,3585 1718,3601 1721,3601 1785,3592 1819,3603 1821,3603 1824,3603 2516,3597 2518,3578 2518,3537 1821,3530 1817,3530"/>
        <Baseline points="1359,3567 2518,3578"/>
        <TextEquiv>
          <Unicode>Bankverbindungen: Reichsbank, Commerz- u. Privat-</Unicode>
        </TextEquiv>
      </TextLine>
      <TextLine id="eSc_line_f55caf29" >
        <Coords points="1359,3606 1356,3624 1819,3631 1824,3613 1821,3583 1359,3569 1359,3606"/>
        <Baseline points="1359,3606 1824,3613"/>
        <TextEquiv>
          <Unicode>Bank A.-G., Hannover.</Unicode>
        </TextEquiv>
      </TextLine>
      <TextLine id="eSc_line_98bd1e1b" >
        <Coords points="1359,3652 1356,3677 2124,3679 2129,3656 2126,3624 1359,3610 1359,3652"/>
        <Baseline points="1359,3652 2129,3656"/>
        <TextEquiv>
          <Unicode>Postscheck-Konto: 34 640 Hannover.</Unicode>
        </TextEquiv>
      </TextLine>
      <TextLine id="eSc_line_36122bb7" >
        <Coords points="1356,3695 1356,3720 1400,3736 1402,3736 1404,3736 1407,3736 1409,3736 1432,3723 1487,3736 1489,3736 1491,3736 1590,3725 1608,3741 1608,3743 1611,3743 1613,3743 1615,3745 1725,3745 1725,3743 1728,3743 1769,3725 1778,3723 1799,3725 1879,3741 1881,3741 1883,3741 1886,3741 1904,3727 1911,3723 1920,3727 1938,3736 1941,3736 1943,3736 1945,3736 1973,3727 1973,3695 1970,3663 1356,3663 1356,3695"/>
        <Baseline points="1356,3695 1973,3695"/>
        <TextEquiv>
          <Unicode>Geschäftsjahr: Kalenderjahr.</Unicode>
        </TextEquiv>
      </TextLine>
    </TextRegion>
    <TextRegion id="r_8_1"  >
      <Coords points="2412,3862 2514,3862 2514,3923 2412,3923"/>
      <TextLine id="eSc_line_0d56bfc5" >
        <Coords points="2500,3853 2484,3849 2475,3849 2452,3849 2433,3849 2406,3851 2408,3904 2410,3947 2461,3933 2465,3938 2477,3945 2479,3945 2482,3945 2484,3945 2486,3945 2518,3926 2518,3899 2516,3890 2500,3853"/>
        <Baseline points="2408,3904 2518,3899"/>
        <TextEquiv>
          <Unicode>189</Unicode>
        </TextEquiv>
      </TextLine>
    </TextRegion>
  </Page>
</PcGts>
