2796 4124
126 348 1292 410 Bln.-Charlottenburg; Stellv.: Dir. Fritz Wallmann (Dir.
130 391 799 455 d. Berliner Handelsges.), Berlin.
128 433 1287 497 Bankverbindungen: Reichs-Kredit-Gesellschaft A.-G.,
132 481 907 540 Berliner Handels-Gesellschaft, Berlin.
128 520 802 581 Postscheck-Konto: 7701 Berlin.
126 561 701 620 Geschäftsjahr: 1./7.—30./6.
126 618 1290 682 Grundbesitz: 65 600 qm, davon 10 387 qm bebaut:; ge-
128 671 1285 733 pachtet sind 45 000 qm mit 93 186 qm bebauter Fläche.
128 707 1287 776 Anlagen: Kesselschmiede, Elektro- u. Autogen-Schwei-
132 758 247 813 ßerei.
128 795 1290 852 Eigene Vertretungen im Ausland: Schweiz, Österreich,
132 836 1049 893 Tschechoslowakei, Schweden, Iran u. Türkei.
130 875 1290 932 Tochtergesellschaft: Duper Waterreiniging N. V., Am-
135 927 304 978 sterdam.
132 966 1292 1021 Besondere Angaben: 1922/23 nahm das neue Werk
130 1005 1278 1065 Rathenow die Herstellung von künstl. Zeolithen auf. —
132 1044 1290 1106 1930 Übernahme der Abt. Kesselschmiede u. Apparatebau
135 1092 1287 1140 von der Ruhlandwerk A.-G., Rathenow, die unter der
130 1131 1287 1186 Bezeichnung „Permutit A.-G.“ Abt. Ruhlandwerk Ma-
130 1170 1283 1230 schinen- u. Apparatebauanstalt fortgeführt wird. Diese
132 1211 1287 1276 Abt. befaßt sich mit der Fabrikation von Filtern, Ver-
130 1255 1287 1310 dampfern, Kondensatoren, Autoklaven, Transformatoren.
135 1296 1285 1356 — 1933/34 wurde der sehr leistungsfähige u. beständige
130 1338 1287 1390 Basenaustauschstoff „Super Neo-Permutit“ herausge-
130 1381 1287 1441 bracht. — 1934/35 Entwicklung eines weiteren Basen-
130 1420 1290 1480 austauschstoffes, für dessen Erzeugung die Fabrikations-
130 1464 1287 1528 einrichtungen erweitert werden mußten. Die Gesell-
132 1507 1287 1564 schaft ist an den beiden Grundstücksges.: „Rathenover
132 1546 1278 1612 Grundstücks-A-G.“ u. „A.-G. Berliner Preußenhaus“
132 1592 320 1651 beteiligt.
1418 339 2585 407 kelbiegeapparate mit Schnellspannung; hydraulische
1416 396 2365 449 Preß- u. Biegemaschinen; Zigarillo-Maschinen.
1418 439 2122 499 Inhaber: Moritz u. Erich Perthel.
1423 481 2585 540 Bankverbindungen: Reichsbank-Girokonto, Thüringer
1418 524 1787 579 Staatsbank, Gera.
1416 565 2028 620 Geschäftsjahr: 1./1.—31./12.
1418 630 2585 685 Grundbesitz: 1680 qm, davon 1300 qm bebaut; gesamte
1423 666 1844 728 Nutzfläche: 2800 qm.
1420 712 2585 769 Anlagen: Mechanische Werkstätten für die Herstellung
1420 753 2074 808 von Werkzeugen u. Maschinen.
1420 797 2388 856 Eigene Vertretung in Berlin: Auf Anfrage.
1420 843 2493 891 Eigene Vertretungen im Ausland: Auf Anfrage.
1418 882 2582 939 Besondere Angaben: Vom Gesamtumsatz 1936 entfielen
1420 925 1844 978 60 % auf den Export.
1416 964 2319 1031 Gefolgschaft: 125 Arbeiter u. Angestellte.
130 1736 967 1814 Heinrich Perrot Regnerbau,
132 1807 582 1897 Calw (Württ.).
132 1897 1026 1954 Fernruf: 592. Drahtanschrift: regnerbau
135 1938 488 1990 Gründung: 1925.
135 1968 1290 2036 Fabrikationsprogramm: Beregnungsanlagen für Rein-
139 2023 1290 2084 und Abwasser. Rieselanlagen. Schnellkupplungsrohre für
137 2059 598 2119 Wasser und Druckluft.
135 2105 774 2165 Inhaber: Ing. Heinrich Perrot.
135 2144 1292 2208 Bankverbindungen: Calwer Bank, e. G. m. b. H., Kreis-
137 2190 937 2245 sparkasse, Reichsbank-Girokonto, Calw.
139 2231 905 2286 Postscheck-Konto: 28 437 Stuttgart.
135 2275 731 2336 Geschäftsjahr: 1./1.—31./12.
137 2341 1294 2396 Grundbesitz: 6700 qm, davon 1030 qm bebaut; gesamte
142 2378 545 2442 Nutzfläche: 1800 qm.
137 2414 1292 2476 Anlagen: Autogene u. Elektro-Schweißerei, Schlosserei.
139 2462 1207 2524 Dreherei, Fräserei, Apparatebauwerkstätte, Montage.
139 2499 1292 2563 Eigene Vertretung in Berlin: Nordd. Niederlassung,
139 2545 1290 2611 Bln.-Kladow, Kladower Schanze (Prokurist: Obering.
142 2588 1038 2648 Karl Laux, Bln.-Kladow; Fernruf: 80 85 53).
139 2634 1294 2692 Eigene Vertretung im Ausland: Wien XVI, Hutten-
144 2678 754 2735 gasse 28; Telephon: U 34-1-60.
139 2712 1294 2772 Besondere Angaben: Das Unternehmen befaßt sich mit
142 2758 1292 2813 der Projektierung von Beregnungsanlagen, dem Bau u.
139 2797 1290 2854 der Herstellung derselben. Außerdem werden alle Be-
142 2850 1294 2900 regnungsgeräte für den Gartenbau u. Privatgarten-
142 2882 1290 2953 besitzer geliefert. Die Konstruktionen sind durch Pa-
142 2932 460 2985 tente geschützt.
142 2962 1292 3026 Der Umsatz entwickelte sich seit 1933 von RM 100 000.—
139 3012 818 3074 auf RM 550 000.— im Jahre 1936.
139 3056 1207 3118 Gefolgschaft: Sommer 55—60, im Winter 45 Mann.
1425 1106 1835 1186 Karl Peschke
1420 1175 2397 1262 Maschinenfabrik & Eisengießerei,
1418 1250 2220 1338 Zweibrücken (Rheinpfalz).
1420 1331 2241 1406 Fernruf: 47. Drahtanschrift: peschke
1423 1386 1785 1438 Gründung: 1884.
1420 1422 2585 1484 Fabrikationsprogramm: Baumaschinen und Bauwerk-
1423 1464 2582 1523 zeuge (Betonmischmaschinen, Bauaufzüge und Turmdreh-
1425 1507 1574 1567 krane).
1423 1548 2585 1612 Inhaber: Otto Peschke, Karl Peschke u. Christian Halm.
1423 1592 2055 1649 Geschäftsleiter: Die Inhaber.
1423 1633 2580 1690 Bankverbindungen: Deutsche Bank u. Disconto-Ges.,
1420 1677 2168 1734 Reichsbank-Girokonto, Zweibrücken.
1425 1718 2255 1782 Postscheck-Konto: 3303 Ludwigshafen.
1420 1761 2044 1816 Geschäftsjahr: Kalenderjahr.
1420 1816 2454 1881 Grundbesitz: 27 000 qm, davon 10 000 qm bebaut.
1418 1867 2330 1933 Anlagen: Maschinenfabrik u. Eisengießerei.
2129 199 2585 272 Perrot — Peters
1420 2004 2241 2096 Emil Pester Platinenfabrik,
1425 2082 2223 2162 Chemnitz, Adorfer Str. 36.
1423 2165 2585 2229 Fernruf: 53 935. Drahtanschrift: platinenfabrik pester
1427 2217 1787 2270 Gründung: 1888.
1423 2252 2582 2314 Fabrikationsprogramm: Herstellung von Platinen jeder
1425 2295 2580 2357 Art u. Ausführung für Wirk- u. Strickmaschinen aller
1425 2339 1847 2398 Systeme. Stanzteile.
1425 2385 1897 2437 Inhaber: Karl Pester.
1425 2421 2514 2478 Bankverbindung: Bankhaus F. Metzner, Chemnitz.
1427 2465 2149 2527 Postscheck-Konto: 13 966 Leipzig.
1423 2508 2051 2572 Geschäftsjahr: Kalenderjahr.
1425 2650 1986 2726 Petermann-Werke,
1427 2714 2417 2797 Warendorf i. Westf., Postfach 62.
1423 2804 2431 2873 Fernruf: 533. Drahtanschrift: petermannwerke
1427 2857 1787 2909 Gründung: 1884.
1425 2882 2523 2960 Fabrikationsprogramm: Dampf- und Motor-Dresch-
1427 2941 1652 2992 maschinen.
1425 2978 1993 3031 Inhaber: Josef Schmücker.
1425 3015 2585 3076 Bankverbindungen: Reichsbank-Girokonto, Ahlen/Westf.;
1425 3060 2585 3120 Kreis- u. Stadtsparkasse, Warendorfer Kreditbank e. G.
1425 3102 1860 3161 m. b. H., Warendorf.
1425 3145 2204 3200 Postscheck-Konto: 32 333 Dortmund.
1423 3186 2028 3246 Geschäftsjahr: 1./1.—31./12.
1425 3235 2585 3308 Anlagen: Dreherei, Schlosserei, Schmiede u. Tischlerei.
1425 3290 2582 3349 Eigene Vertretung in Berlin: Fa. Max Jolv. Bln.-
1425 3338 2131 3397 Schöneberg, Martin-Luther-Str. 90.
1423 3379 2546 3448 Eigene Vertretung im Ausland: Zierikzee (Holland).
135 3189 568 3267 Moritz Perthel
142 3255 1100 3338 Werkzeug- u. Maschinen-Fabrik,
139 3331 669 3418 Gera, Hainstr. 10.
139 3409 1109 3477 Fernruf: 3375. Drahtanschrift: moritzperthel
144 3461 504 3516 Gründung: 1864.
148 3498 1287 3564 Fabrikationsprogramm: Drehbank-, Hochleistungs,
153 3539 1294 3601 Mechaniker-, Leichtgewichts- u. Spezialfutter aller Art.
146 3585 1297 3642 Planscheiben. Revolver-Vielstempelstanzen. Universal-
142 3629 1299 3707 Eisenbiegeapparate, Biegeapparate für Klempner; Win-
1425 3507 2445 3603 Karl Peters vorm. Johann Fischer.
1425 3581 2358 3684 Greifswald, Anklamer Str. 47/9.
2477 3794 2589 3883 457
