2796 4176
208 250 774 329 Dinglinger — Dittler
211 389 1380 461 Prokuristen: Albert Brückner, Dr. Karl Meyer, Anton
211 443 352 503 Semar.
213 489 1378 545 Aufsichtsrat: Vors.: Dr. K. Fuchs, Ludwigshafen;
211 531 1220 586 Stellv.: Generaldir. Dr. Rodenhauser, Völklingen.
213 568 1375 631 Bankverbindungen: Deutsche Bank u. Disconto-Ges.,
211 612 1375 672 Zweibrücken; Bayr. Staatsbank, Kaiserslautern; Gebr.
211 656 1078 712 Röchling Bank, Reichsbank, Zweibrücken.
208 691 1009 751 Postscheck-Konto: 5031 Saarbrücken.
211 742 814 798 Geschäftsjahr: 1./1.—31./12.
211 802 1292 865 Grundbesitz: 285 310 qm, davon 44 537 qm bebaut.
208 837 1371 900 Anlagen: Gießerei, Dreherei, Hammerschmiede, Rohr-
208 883 1375 944 macherei, Eisenkonstr.-Werkstätte, Schweißerei, Kessel-
211 932 705 990 schmiede u. Schreinerei.
211 962 1380 1034 Eigene Vertretung in Berlin: Paul Schiller, Bln.-Char-
211 1013 770 1069 lottenburg, Bismarckstr. 62
211 1050 1375 1111 Tochtergesellschaft: Dinglerwerk G. m. b. H., Bierbach
208 1097 1375 1155 (seit Rückgliederung des Saargebietes nur noch Grund-
211 1136 603 1192 stücksgesellschaft).
211 1180 1378 1241 Besondere Angaben: Ab Gründung befaßte sich das in
213 1220 1373 1278 Besitz der Fam. Dingler befindliche Unternehmen mit der
208 1259 1375 1324 Herstellung von Handkniehebelpressen, dann Pumpen
211 1303 1373 1364 usw. Das ob. Fabrikationsprogramm hat sich im Laufe
208 1345 1375 1403 der Jahre herausentwickelt. — 1923/24 wurde in Bier-
211 1382 1373 1443 bach/Saar, bedingt durch die Zollabschnürung, ein
208 1424 1373 1484 Zweigunternehmen gegründet unter dem Namen „Ding-
211 1468 1373 1526 lerwerke G. m. b. H. Bierbach/Saar“. Die Anteile dieser
208 1512 1373 1568 Gesellschaft befinden sich zu 100% in den Händen der
213 1554 1373 1614 Aktiengesellschaft. Nach Rückgliederung des Saar-
208 1598 1373 1656 gebietes hat die Aktiengesellschaft die Fabrikanlagen
211 1644 714 1698 pachtweise übernommen.
211 1681 1378 1739 Umsatz: 1934/35: 4,3 Mill. RM; 1935 (9 Mon.): 5,65
211 1721 410 1781 Mill. RM;
211 1758 1204 1830 Gefolgschaft: 1933 1934 1935 1936
220 1809 501 1865 insgesamt
587 1807 1206 1867 454 685 1403 1500
208 1839 1375 1909 Die Lehrlingsausbildung wird durch regen Austausch in-
208 1893 1373 1951 nerhalb unserer Werkstätten bzw. Sparten vorgenommen.
208 1934 1373 1992 — 1937 wurde eine besondere Lehrlingswerkstätte ein-
208 1978 415 2043 gerichtet.
1505 399 2663 459 Eisenhoch- u. Brückenbau. Kompl. Anlagen für die Kall-,
1508 445 2663 505 chem. u. Zucker-Industrie. Anlagen für Treibstoffgewin-
1508 489 2181 547 nung. Bau von Wasserturbinen.
1510 528 1990 584 Kapital: RM 150 000.—
1508 568 2668 631 Vorstand: Dir. Ing. Emil Buschhorn, Dipl.-Ing. Walther
1508 614 1737 670 Buschhorn.
1508 644 2566 709 Prokuristen: Obering. Otto Reising, Carl Irmscher.
1508 693 2666 751 Aufsichtsrat: Vors.: Dr. Hans Rosenkötter, Berlin-Char-
1505 733 2610 791 lottenburg; Stellv.: Dir. Richard Schrader, Magdeburg.
1505 772 2666 837 Bankverbindungen: Dresdner Bank, Berlin u. Braun-
1505 821 2666 876 schweig; Deutsche Bank u. Disconto-Ges., Goslar; Kreis-
1505 860 2208 918 sparkasse zu Salzgitter, Schladen.
1508 902 2248 965 Postscheck-Konto: 8215 Hannover.
1503 944 2137 1004 Geschäftsjahr: Kalenderjahr.
1505 999 2538 1062 Grundbesitz: 32 600 qm, davon 10 300 qm bebaut.
1508 1053 2666 1115 Anlagen: Kesselschmiede u. Eisenkonstruktionswerk-
1505 1092 2663 1150 stätte mit direktem Gleisanschluß, Maschinenfabrik, Mo-
1505 1132 2666 1190 delltischlerei; autogene u. elektr. Schweißanlagen; Preß-
1505 1180 2037 1238 luft u. hydr. Nietanlagen.
1508 1208 2666 1278 Besondere Angaben: Fortführ. der von Ad. Wittenberg
1505 1262 2666 1317 unter der Fa. F. Dippe zu Schladen betrieb. Maschinen-
1508 1303 2666 1359 fabrik (die aus der 1840 gegründeten Maschinenfabrik u.
1505 1345 2666 1408 Kupferschmiede von Ferdinand Voigtländer hervorgegan-
1510 1392 1717 1447 gen war).
1505 1424 2668 1482 Gefolgschaft: 1930 1931 1932 1933 1934 1935 1936
1510 1473 1740 1524 insgesamt
1949 1468 2647 1526 120 95 18 22 49 63 110
1505 1510 2647 1584 Umsatz 1000 RM 689 333 26 82,5 285 370 635
204 2104 749 2190 Rudolf Dinglinger
206 2176 1194 2262 Maschinenfabrik & Eisengießerei,
206 2250 686 2336 Köthen-Anhalt.
211 2333 471 2396 Fernruf: 6.
211 2382 582 2436 Gründung: 1859.
211 2424 1378 2482 Fabrikationsprogramm: Maschinen u. Apparate für die
211 2461 1375 2526 Zuckerindustrie; Transportanlagen; allgem. Maschinen-
208 2505 306 2563 bau.
211 2549 1060 2612 Inhaber: Kommerzienrat Max Dinglinger.
208 2586 1058 2647 Prokurist: Dipl.-Ing. Werner Dinglinger.
213 2630 1375 2700 Bankverbindungen: Allgem. Deutsche Credit-Anstalt,
211 2677 872 2732 Reichsbank-Giro-Konto, Köthen.
211 2714 921 2774 Postscheck-Konto: 17 924 Berlin.
208 2760 832 2818 Geschäftsjahr: Kalenderjahr.
215 2811 1204 2883 Grundbesitz: 6865 qm, davon 4225 qm bebaut.
213 2867 1378 2930 Anlagen: Gießerei und Modelltischlerei; Schlosserei,
208 2904 935 2962 Dreherei, Schmiede. Gleisanschluß.
211 2953 1378 3006 Besondere Angaben: 1859 übernahm Rudolf Dinglinger
208 2992 1373 3050 die damals herzogl. anhaltische Maschinenfabrik zunächst
208 3036 1375 3092 auf 10 Jahre pachtweise. Seit 1869 Eigenbesitz. Bau
211 3074 1375 3141 von Maschinenanlagen für Zuckerfabriken, später Bau
211 3118 765 3176 von hydraulischen Kränen.
213 3155 1378 3217 Gefolgschaft: Von anfängl. 40 Mann allmählich auf 100
211 3203 1375 3271 gewachsen; seit 1923 Rückgang auf 50, jetzt wieder 65
211 3245 350 3305 Mann.
1508 1637 1874 1709 Aug. Dippmann
1505 1693 2318 1751 siehe Sächs. Walzengravieranstalt
1508 1802 2584 1881 Ziv.-Ing. Dirkes Beregnungsanlagen,
1510 1869 2577 1962 Königsberg (Pr.), Scharnhorst-Str. 1.
1503 1960 2466 2020 Fabrikationsprogramm: Beregnungsanlagen.
1503 2085 2480 2169 Diskus Werke Frankfurt a. Main
1505 2162 2134 2248 Maschinenbau-A.-G.,
1508 2236 2371 2322 Frankfurt a. M.-Fechenheim,
1510 2303 2195 2384 Vilbeler Landstraße 36.
1505 2380 2568 2452 Fernruf: 81 251/52. Drahtanschrift: diskuswerke
1510 2436 1877 2494 Gründung: 1911.
1508 2475 2582 2540 Fabrikationsprogramm: Flächen-Schleifmaschinen,
1508 2521 2635 2584 Schleifscheiben, Schleifsegmente; hydraulische Antriebe.
1510 2563 1990 2619 Kapital: RM 300 000.—
1519 2598 2517 2663 Vorstand: Dr. ing. Carl Krug, Frankfurt a. M.
1508 2635 2668 2707 Aufsichtsrat: Vors.: Dir. Max Najork, Dresden; Stellv.:
1510 2688 2171 2749 Dr. ing. Bertold Fein, Stuttgart.
1508 2728 2670 2793 Bankverbindungen: Reichsbankhauptstelle, Deutsche
1510 2767 2373 2830 Effecten- u. Wechselbank, Frankfurt a. M.
1510 2816 2364 2876 Postscheck-Konto: 6613 Frankfurt a. M.
1508 2855 2141 2916 Geschäftsjahr: Kalenderjahr.
1505 2911 2475 2976 Grundbesitz: 9313 qm, davon 4443 qm bebaut.
1508 2958 2668 3018 Anlagen: Schleifscheiben-Produktion, Schweißerei für
1510 3006 2668 3062 den Diskus-Stahlbau, Herstellung von Elektrospann-
1510 3053 1724 3104 magneten.
1508 3076 2670 3145 Eigene Vertretung in Berlin: Hörig & Hillerscheidt,
1515 3127 1860 3190 W 9, Linkstr. 12.
1510 3164 2670 3234 Eigene Vertretungen im Ausland: In verschiedenen
1512 3217 1700 3273 Ländern.
1508 3241 2670 3312 Tochtergesellschaft: Maschinenfabrik für Tabakindustrie
1508 3296 2666 3363 Gesellschaft mit beschränkter Haftung, Frankfurt a. M.-
1508 3340 1918 3403 Fechenheim (100 %).
204 3380 1211 3475 F. Dippe, Maschinenfabrik, A.-G.,
211 3461 744 3544 Schladen a. Harz.
208 3537 1034 3614 Fernruf: 194. Drahtanschrift: dippe
213 3595 570 3649 Gründung: 1899.
213 3630 1380 3691 Fabrikationsprogramm: Dampfkessel; Apparate; allgem.
213 3677 1380 3751 Maschinenbau; Kompressoren; Pumpen; Rohrleitungen.
1510 3473 1956 3556 Gustav Dittler,
1505 3537 2285 3623 Pforzheim, Leopoldstr. 20.
1508 3623 2501 3691 Fernruf: 7072. Drahtanschrift: gustav dittler
1508 3674 1872 3742 Gründung: 1865.
211 3841 322 3939 126
