2796 4124
103 394 852 435 Geschäftsführer: Der Anteileigner.
105 416 1274 478 Prokuristen: Friedrich Gohmann, Franz Reuter, Karl
105 467 515 520 Zix, Louis Schmidt.
105 501 1269 568 Bankverbindungen: Deutsche Bank u. Disconto-Ges.,
105 547 699 607 Reichsbank, Recklinghausen.
107 591 776 650 Postscheck-Konto: 3287 Essen.
103 632 701 694 Geschäftsjahr: 1./1.—31./12.
103 685 1143 746 Grundbesitz: 18 000 qm, davon 2000 qm bebaut.
105 735 1269 797 Anlagen: Fabrik in Unna. Mechanische Werkstätten.
107 776 1267 831 Gleisanschluß. Verwaltungs- u. Konstruktionsbüro in
105 813 437 872 Recklinghausen.
103 859 1271 923 Besondere Angaben: Die Firma wurde als Konstruk-
105 904 1269 955 tionsbüro gegründet. — 1933 wurde das Königsborner
105 941 1269 1003 Eisenwerk G. m. b. H., Unna/Westf., ein seit 1892 be-
110 989 944 1042 stehendes Fabrikunternehmen, erworben.
105 1028 1072 1085 Gefolgschaft: 140 Arbeiter u. 30 Angestellte.
107 1177 1056 1269 Westfälische Stahl-Pflug-Fabrik
105 1257 708 1340 H. Niemeyer Söhne,
105 1324 836 1402 Riesenbeck (Westfalen).
110 1404 1216 1473 Fernruf: Hörstel 3, 212. Drahtanschrift: niemeyers
107 1457 765 1514 Gründung: 1888; eingetr. 1907.
110 1491 1276 1551 Fabrikationsprogramm: Landmaschinen: Pflüge und
110 1539 1271 1596 Bodenbearbeit.-Maschinen vieler Art, Kartoffel-Pflanz-
110 1580 1271 1635 lochmaschinen, Hack- u. Pflegemaschinen, Erntemaschi-
110 1626 1271 1681 nen für Kartoffeln u. Heu. Walzen- u. Steinmühlen,
110 1663 538 1725 Eggen, Kultivatoren.
110 1702 1276 1773 Inhaber: Frau Wwe. August Niemeyer, Frau Wwe. Hein-
110 1745 414 1807 rich Niemeyer.
114 1782 1184 1846 Geschäftsleiter: Max Niemeyer, Gisbert Niemeyer.
112 1832 1271 1899 Bankverbindung: Commerz- u. Privat-Bank A.-G.,
112 1878 336 1929 Osnabrück.
110 1913 893 1979 Postscheck-Konto: 55 556 Hannover.
107 1958 696 2018 Geschäftjahr: 1./1.—31./12.
110 2020 1175 2078 Grundbesitz: 42 970 qm, davon 11 513 qm bebaut.
114 2066 1276 2126 Anlagen: Maschinenräume mit Lufthämmern, Pressen,
114 2105 1276 2160 Fräs- u. Hobelmaschinen, Drehbänken. Grau- u. Temper-
114 2149 1274 2210 Gießerei. Formmaschinen, Sandfunker, Sandstrahlgebläse,
114 2190 767 2254 Modell-Tischlerei u. Schlosserei.
112 2226 1278 2295 Schwesterwerk: Friedrich-Wilhelms-Eisenhütte Prima-
116 2279 1276 2330 vesi & Co., Inh: H. Niemeyer Söhne (Riesenbeck), Gra-
116 2323 614 2373 venhorst (Post Hörstel).
114 2346 1278 2419 Besondere Angaben: Die Firma wurde als Gießerei u.
114 2394 678 2458 Maschinenfabrik gegründet.
116 2442 1171 2499 Vom Gesamtumsatz entfielen 45% auf den Export.
110 2483 1056 2543 Gefolgschaft: 300 Arbeiter u. 20 Angestellte.
1398 371 2562 435 in Bredelar eröffnet wurde. Zwecks Zusammenlegung
1400 414 2339 469 wurde 1931 der Betrieb nach Kamen verlegt.
1402 453 2559 513 Vom Gesamtumsatz 1936 entfielen 50% auf den Export.
1400 494 2559 554 Gefolgschaft: 25 Arbeiter (davon 12 Lehrlinge) und
1400 545 2094 604 5 Angestellte (davon 1 Lehrling).
1400 650 2482 744 Westfalia-Dinnendahl-Gröppel A.-G.,
1398 728 1670 806 Bochum.
1400 792 2482 863 Fernruf: Bochum 60 691 u. 60 221 u. Essen 58 801.
1402 847 1895 909 Drahtanschrift: wedag
1402 888 2097 943 Gründung: 1873; seit 1881 A.-G.
1402 925 2564 987 Fabrikationsprogramm: Aufbereitungsanlagen f. Kohle,
1402 969 2564 1028 Koks u. Erz, Kokerei-Einrichtungen, Brikettfabriken;
1404 1008 2564 1072 Förder- u. Verladeanlagen. Eisen- u. Blechkonstruk-
1402 1051 2564 1115 tionen. Saugfilteranlagen; Flotationsanlagen nach dem
1400 1090 2566 1152 Ekofverfahren (eigene Patentverfahren); Zerkleinerungs-
1404 1134 2566 1195 apparate, Siebereiapparate. Schlamm-Kreiselpumpen;
1404 1177 2566 1241 Kläranlagen. Förderkörbe, Gefäßförderungen, Förder-
1404 1218 2566 1283 häspel, Förderseitscheiben. Große Grubenventilatoren,
1407 1266 2569 1324 Ventilatoren für alle Industriezweige. Steinschleif- u.
1404 1308 2248 1367 Schneidemaschinen. Gießereierzeugnisse.
1404 1351 1941 1415 Kapital: RM 1 605 000.—.
1407 1379 2571 1445 Vorstand: Gen.-Dir. Gustav Möllenberg, Essen; Dir.
1407 1431 2415 1493 Friedrich Dißmann, Dir. Karl Gröppel, Bochum.
1407 1464 2569 1541 Prokuristen: H. Graeber, A. Neveling, E. Gröppel, M.
1407 1514 2571 1578 Schaefer, H. Settelmayer, O. Hanefeld, H. Askevold, R.
1407 1560 2218 1617 Frowein, W. Hopfengärtner, P. Zeisel.
1407 1590 2573 1663 Aufsichtsrat: Vors.: Gen.-Dir. Dr. ing. h. c. Karl Hold
1407 1640 2573 1711 (Stinnes-Zechen), Stellv.: Bankdir. Paul Tegeler (Dresd-
1407 1683 1870 1748 ner Bank), Dortmund.
1404 1720 2571 1787 Bankverbindungen: Dresdner Bank, Bochum u. Dort-
1409 1766 2571 1828 mund; Deutsche Bank u. Disconto-Ges., Commerz- u.
1407 1814 1998 1876 Privat-Bank A.-G., Bochum.
1407 1853 2071 1917 Postscheck-Konto: 840 Essen.
1404 1894 2014 1956 Geschäftsjahr: 1./1.—31./12.
1407 1938 2571 2020 Grundbesitz: 132 300 qm, davon 37 000 qm bebaut;
1407 1997 2573 2066 Nutzungsrecht für 117 000 qm mit 4000 qm bebauter
1407 2041 2257 2105 Fläche; gesamte Nutzfläche: 144 000 qm.
1407 2078 2573 2153 Anlagen: Werk Westfalia, Bochum. — Werk Dinnen-
1409 2121 2385 2188 dahl, Essen. — Werk Gröppel, Bochum-Riemke.
1407 2162 2573 2233 Eisenkonstruktions- u. Montagehallen, Werkstätten für
1407 2208 2571 2279 Blechbearbeitung, Weichenbauhallen, mech. Werkstätten,
1409 2249 2573 2316 Schmiede, Metallgießerei, Modelltischlerei, Zimmerei.
1409 2293 2571 2352 Versuchsanstalten für Erz- u. Kohle-Aufbereitung; La-
1407 2334 2573 2398 boratorien für Schwimmbereitung u. chemische Erzeug-
1407 2380 2113 2446 nisse (Ekof, Flotationsverfahren).
1407 2417 2575 2481 Eigene Vertretung in Berlin: Fritz Pehrisch, Bln.-
1409 2467 1950 2527 Karlshorst, Horterweg 19.
1407 2492 2488 2570 Eigene Vertretungen im Ausland: Auf Anfrage.
1407 2533 2575 2607 Tochtergesellschaften: „Ekof“ Erz- u. Kohleflotation
1409 2586 2575 2648 G. m. b. H., Bochum. — Maschinenfabrik Fr. Gröppel C.
1407 2632 2126 2692 Lührig's Nachf. o. H.-G., Bochum.
1407 2662 2575 2740 Besondere Angaben: Die Anfänge der Eisenhütte West-
1407 2710 2571 2781 falia in Bochum gehen zurück auf die 1872 gegründete
1409 2753 2571 2818 Maschinenfabrik „Brandenburg & Lämmerhirt“, die Er-
1409 2790 2571 2870 zeugnisse für den heimischen Bergbau lieferte. — 1873
1411 2838 2573 2900 wurde die Firma „Brandenburg & Lämmerhirt“ in eine
1414 2879 2571 2948 Aktiengesellschaft mit dem Namen „Westfälische Eisen-
1409 2914 2571 2989 hütte umgewandelt. Der den „Gründerjahren“ folgende
1411 2964 2573 3033 wirtschaftliche Niedergang veranlaßte 1881 die Liqui-
1409 2999 2571 3079 dation des Unternehmens, der jedoch 1881 die Gründung
1411 3049 2573 3113 einer neuen Aktiengesellschaft unter Übernahme des ver-
1409 3086 2573 3161 bleibenden Vermögens unter der Firmenbezeichnung
1411 3131 2569 3202 „Eisenhütte Westfalia“ folgte. — 1900 nahm die Firma
1411 3175 2573 3239 einen kräftigen Aufschwung; die früheren Anlagen sind
1409 3219 2571 3278 zwischenzeitlich sämtlich durch moderne Fabrikneu-
1411 3260 2575 3322 bauten ersetzt worden u. mit neuzeitlichen Maschinen
1411 3301 2573 3365 ausgestattet. — 1922 Angliederung der R. W. Dinnen-
1411 3347 2573 3406 dahl A.-G. an die Eisenhütte Westfalia A.-G. zu Bochum.
1414 3388 2573 3450 Das heutige Werk Dinnendahl ist 1800 von dem be-
1411 3427 2575 3496 kannten „Mechanikus“ Franz Dinnendahl gegründet
1414 3471 2573 3530 worden u. somit die älteste Maschinenfabrik West-
1411 3509 2575 3576 deutschlands. — Das Werk wurde schon im Jahre 1818
1411 3555 2573 3619 mit Steinkohlengas beleuchtet. — 1930 Übernahme der
1416 3601 2573 3663 Firma Maschinenfabrik Fr. Gröppel C. Lührig's Nachf.,
1414 3642 2575 3713 Maschinenfabrik für Bergwerks- u. Aufbereitungs-
1746 222 2562 295 Westfälische Stahl — Westfalia
116 2639 1221 2728 Westf. Werkzeug- u. Hebezeugfabrik
110 2712 621 2792 Ad. Metz & Co.,
112 2779 1223 2863 Kamen i. W., Dortmunder Straße 88.
114 2863 928 2930 Fernruf: 2665. Drahtanschrift: melz
114 2918 781 2971 Gründung: 1910; eingetr. 1911.
114 2953 1283 3010 Fabrikationsprogramm: Hebezeuge aller Art: Schrau-
114 2999 1278 3054 benwinden, Schlittenwinden, Wandwinden, Friktions-
119 3038 1281 3095 winden für Riemen- u. elektrischen Antrieb, Schwenk-
114 3076 252 3136 krane.
116 3120 588 3184 Inhaber: Adolf Metz.
114 3166 1281 3225 Bankverbindungen: Commerz- u. Privat-Bank A.-G.,
116 3205 1045 3267 Altena i. Westf.; Städt. Sparkasse, Kamen.
114 3251 884 3306 Postcheck-Konto: 17 786 Dortmund.
116 3290 719 3351 Geschäftsjahr: 1./1.—31./12.
116 3340 1283 3416 Anlagen: Kaufm. Büro. Fabrikationsräume mit Schlos-
121 3397 1276 3457 serei, Dreherei u. Schmiede (ca. 1000 qm); Lager u.
116 3432 1281 3505 Versuchsraum, sowie Modellager (ca. 1000 qm). Gleis-
116 3484 309 3539 anschluß.
116 3512 1283 3585 Besondere Angaben: Als Windenfabrik in Werdohl
121 3564 1281 3624 i. W. gegründet. In der Hauptsache wurden Schrauben-
123 3615 1281 3663 winden gebaut.. — 1926 erfolgte eine Erweiterung des
121 3649 1283 3720 Windenbaues, zu welchem Zwecke eine Niederlassung
2468 3814 2582 3894 639
