2796 4124
73 348 1232 410 Grundbesitz des Gesellschafters Qu. Wenz: 3190 qm,
77 396 1232 453 davon bebaut 710 qm; gepachtet sind 1456 qm mit 490 qm
73 437 410 499 bebauter Fläche.
77 469 1232 538 Anlagen: Fabrikationsanlage mit Bohr- u. Drehbänken,
75 522 1232 586 Hobelmaschinen; Schmiedeanlage; Schweißanlage; Polie-
80 568 806 623 rerei u. Vernickelei. Gleisanschluß.
77 602 1232 669 Eigene Vertretung in Berlin: Ferd. Schmidtke, N 31,
80 648 364 703 Ramlerstr. 29.
75 680 1235 744 Besondere Angaben: Die Gesellschaft betreibt ihre Fa-
75 730 1230 785 brikation seit 1928 in selbst erbauten Gebäuden am Bahn-
75 774 664 833 anschlußgelände Nürnberg-S.
77 806 1232 875 Seit 1932 konnte der Umsatz verdoppelt werden. Die
77 856 1232 911 Fabrikate der Gesellschaft sind in ganz Deutschland ver-
73 900 1232 955 breitet, auch im Ausland wurden Backofenanlagen er-
73 946 231 1001 richtet.
68 1076 882 1173 Dampfkesselfabrik Uebigau
77 1152 1111 1241 Wasserreinigungsbau- und Elektro-
73 1228 916 1308 Schweißgesellschaft m. b. H.,
73 1296 1026 1376 Dresden-N. 30, Rethel Straße 49.
73 1381 1106 1450 Fernruf: 52 346. Drahtanschrift: schweißelektro
82 1438 430 1489 Gründung: 1836.
75 1464 1232 1532 Fabrikationsprogramm: Dampfkessel (Behälter und
75 1516 1230 1573 Apparate für die chem. Industrie). Wasseraufbereitungs-
75 1564 1230 1617 anlagen (Enteisenung, Entsäuerung, Entmanganung, Ent-
77 1601 1232 1658 härtung, Filterung). Umbau von Dampfkesseln u. Kraft-
80 1642 242 1702 anlagen.
75 1683 554 1748 Kapital: RM 60 000.—.
77 1727 811 1782 Geschäftsführer: Ing. Alois Birke.
77 1771 701 1826 Prokurist: Paul Georg Päsler.
77 1803 1230 1874 Bankverbindungen: Dresdner Bank, Sächs. Staatsbank,
77 1853 249 1908 Dresden.
77 1894 786 1956 Postscheck-Konto: 7814 Dresden.
77 1942 671 2000 Geschäftsjahr: 1./1.—31./12.
77 2002 1235 2057 Grundbesitz: 15 070 qm, davon 7000 qm bebaut; ge-
77 2045 664 2107 samte Nutzfläche: 15 070 qm.
80 2089 1235 2139 Anlagen: Kesselschmiede und Fabrikationsräume;
77 2121 1159 2181 Schmiede, Groß-Schweißerei; Krananlage; Kaianlage.
77 2169 1230 2238 Eigene Vertretung in Berlin: Max Hosse, Bln.-Tempel-
80 2213 472 2272 hof, Borussiastr. 19.
77 2254 1191 2309 Eigene Vertrétung im Ausland: Brasov (Rumänien).
77 2293 1232 2350 Besondere Angaben: 1929 Übernahme der Dampfkessel-
77 2339 1228 2394 fabrik Lehner & Schmalz, Dresden. — 1930 Übernahme
77 2375 1230 2433 der Apparatebau-Anstalt Boschütz, Dresden. — 1935 Über-
75 2423 1228 2485 nahme der Abteilung Dampfkesselbau der Uebigau A.-G.
1361 357 2525 419 bauten erforderlich, außerdem ging 1910 die Firma H.
1370 391 2142 453 Tietjens in der Firma H. Danger auf.
1361 437 2525 513 Gefolgschaft: 42 Arbeiter (20 Lehrlinge) u. 12 Ange-
1363 483 1780 545 stellte (1 Lehrling).
1359 602 1989 698 Dango & Dienenthal,
1363 678 1838 767 Siegen i. Westf.
1363 756 2264 833 Fernruf: 3321/32. Drahtanschrift: dango
1363 813 1730 866 Gründung: 1865.
1363 845 2523 909 Fabrikationsprogramm: Ferngesteuerte Hochöfen u.
1363 888 2523 948 Winderhitzer: Ferngesteuerte Einzylinder- u. Mehrzylin-
1361 934 2523 992 der-Stichlochstopfmaschinen DRP. u. AP.; ferngesteuerte
1363 971 2525 1040 Schlackenlochstopfer; Flugstaubaufbereiter DRP. u. AP.;
1361 1014 2523 1079 ferngesteuerte Brillenschieber DRP. u. AP. für große
1365 1060 2525 1124 Gasleitungen, Explosions-Sicherungen DRP.; Düsen-
1363 1104 2525 1157 stöcke, geschmiedete u. gegossene Blasformen; Kühl-
1359 1143 2525 1200 kästen, Kühlplatten, Schlackenformen u. andere Kupfer-
1365 1193 2525 1244 u. Bronze-Abgüsse; Doppelkühlkästen DRP. u. AP. für
1361 1223 2523 1289 Hochofenschacht u. Rast; Roheisen-Masselgießmaschinen;
1361 1271 2525 1333 hand- u. preßluftbestätigte Cowperschieber mit Zentral-
1363 1312 2523 1372 steuerung; wassergekühlte u. ungekühlte Heißwind-
1361 1358 2525 1420 schieber; Kaltwind- u. Rauchgasschieber mit Entlastungs-
1361 1397 2525 1459 schieber DRP.; Doppelplatten-Gasschieber mit Zwischen-
1361 1443 2525 1498 lüftung; Drosselklappen; Cowpertbrenner für atmosphä-
1361 1486 2525 1539 rische u. Druckluft-Beheizung. — Für Stahlwerke, Walz-
1363 1523 2523 1585 werke u. Schmieden: Auto-Chargiermaschinen DRP. u.
1361 1569 2523 1626 AP. zum Beschicken von Schmelz-, Glüh- u. Härteöfen;
1363 1608 2523 1663 Blockzieh- u. Transportmaschinen DRP. u. AP.; Auto-
1359 1645 2520 1709 stapler; Schmiedemanipulatoren DRP u. AP.; wasser-
1363 1695 2525 1752 gekühlte Türen u. Türrahmen für S. M.-Öfen u. dgl.;
1363 1734 2525 1796 Bronze-Walzenlager; Preßstoff-Walzenlager; Druckmut-
1361 1780 2523 1832 tern; Beizmaschinen DRP.; Beitkörbe aus säurebestän-
1361 1821 2520 1881 diger Bronze. — Für Transportanlagen: Hakengreifer
1361 1862 2523 1919 DRGM.; Einseil- u. Mehrseilgreifer; Krallengreifer DRP.;
1361 1903 2523 1961 automatische Kippkübel. — Für verschiedene Betriebe:
1361 1945 2523 2002 Kollergänge mit automatischer Entleerung für Mörtel-
1361 1988 2520 2043 bereitung bzw. Aufbereitung von Stichlochstopfmasse,
1361 2029 2520 2084 Koksofentürlehm usw. Kugelgelenke DRGM. für beweg-
1361 2068 2523 2130 liche Rohrverbindungen; Schieber für Gasleitungen, Heis-
1361 2112 2523 2171 gas-Schieber; Schwer- u. Leichtmetallguß jeder Art als
1361 2153 2520 2220 Formguß u. Schleuderguß; säurebeständigen Guß für die
1363 2201 1902 2254 Ammoniakgewinnung usw.
1361 2231 2523 2295 Inhaber: J. Dango, W. Dienenthal, Bernh. Dango, H.
1361 2281 2117 2343 Dienenthal, Otto Dienenthal, Siegen.
1363 2327 1998 2378 Geschäftsleiter: Die Inhaber.
1361 2366 2035 2423 Prokurist: Hermann Achenbach.
1361 2405 2523 2472 Bankverbindungen: Reichsbankstelle, Deutsche Bank
1361 2449 1874 2506 u. Disconto-Ges., Siegen.
1359 2490 2131 2547 Postscheck-Konto: 3965 Dortmund.
1359 2533 1984 2591 Geschäftsjahr: Kalenderjahr.
1359 2588 2520 2648 Anlagen: Maschinenfabrik, Schmiede, Modelltischlerei,
1361 2632 2520 2696 Metallgießerei, Kupferschmiede mit Autogenschweiß-
1361 2678 2520 2728 anlage, Elektro-Schweißanlage für Eisenkonstruktionen.
1361 2714 2518 2776 Besondere Angaben: 1885 Gründung einer Filial-
1359 2758 2518 2818 fabrik in Mär.-Ostrau 9, C. S. R., im gleichen Jahre eine
1361 2799 2516 2857 solche in Oettingen (Lothringen). 1900 eine in St. Léger
1361 2840 2518 2898 (Belgien). Die beiden letzten Filialwerke wurden nach
1361 2882 2518 2939 dem Kriege liquidiert. Zur Belieferung des Saargebietes
1361 2925 2511 2978 u. Frankreichs wurde 1925 die „Saar-Metall Akt. Ges.“
1361 2966 2518 3026 Saarbrücken 3, gegründet, deren Anteile zu 100 % in den
1361 3010 2520 3072 Händen der Fa. Dango & Dienehthal liegen. Außerdem
1359 3049 2520 3111 ist die Firma Dango & Dienenthal zu 5% an der Firma
1361 3095 2518 3154 „Hundt & Weber“ vorm. Metallwerk Beckmann A.-G.,
1356 3136 2021 3196 Gelsenkirchen-Schalke, beteiligt.
1718 201 2530 281 Dampfkesselfabrik — Dankers
71 2540 889 2637 H. Danger Maschinenfabrik,
73 2618 967 2703 Hamburg 33, Maurienstr. 8/10.
77 2717 1196 2776 Fernruf: 23 20 87/88. Drahtanschrift: danger 23 20 87
77 2763 712 2815 Gründung: 1889; eingetr. 1899.
77 2799 1232 2863 Fabrikationsprogramm: Maschinen, Apparate u. Öfen
77 2845 1230 2902 für die Keks-, Biskuit-, Waffel-, Printen-, Honigkuchen-
82 2886 552 2944 u. Zwiebackherstellung.
80 2925 556 2987 Kapital: RM 125 000.—
77 2966 1232 3035 Inhaber: Otto Danger, Wilhelmine Danger Wwe., Martha
80 3008 256 3072 Höppner.
77 3054 699 3111 Geschäftsleiter: Otto Danger.
80 3093 614 3152 Prokurist: Willy Genthe.
77 3136 1230 3200 Bankverbindung: Deutsche Bank u. Disconto-Ges.,
80 3173 265 3237 Hamburg.
77 3214 811 3276 Postscheck-Konto: 8300 Hamburg.
75 3264 692 3322 Geschäftsjahr: Kalenderjahr.
77 3317 1230 3383 Grundbesitz: 10 125 qm, davon 3854 qm bebaut; gesamte
80 3363 490 3429 Nutzfläche: 5154 qm.
82 3409 1228 3471 Anlagen: Dreherei, Fräserei, Gravieranstalt, Schleiferei,
80 3450 1228 3516 Schmiede u. Modelltischlerei; Lagerraum mit Vorfüh-
77 3496 818 3551 rungsanlage; kaufm. u. techn. Büro.
82 3537 1230 3597 Besondere Angaben: In stetiger Entwicklung wurde das
84 3576 1221 3645 Unternehmen auf die heutige Höhe gebracht. In den
75 3624 1228 3707 Jahren 1899, 1909, 1925 u. 1930 wurden Erweiterungs-
1356 3260 2067 3351 J. A. Heinrich Dankers
1356 3335 1911 3416 Metallwarenfabrik,
1356 3406 2147 3489 Hamburg 11, Flüggerhaus.
1359 3491 2268 3558 Fernruf: 36 40 37. Drahtanschrift: rebuilt
1359 3542 1721 3597 Gründung: 1905.
1359 3578 2520 3638 Fabrikationsprogramm: Kleinschreibmaschinen „Dan-
1359 3624 2520 3697 kers“. Herstellung von Ersatzteilen u. Werkzeugen für
2417 3803 2532 3885 109
