2796 4124
96 355 1262 414 Fischabfällen u. schwimmenden Waltran-Kochereien hin-
100 403 1258 458 überleiteten. — 1905 wurde die Apparatebauabteilung der
105 442 1258 497 Fa. Rietschel & Henneberg übernommen, aus der die
103 485 1258 545 heutige medizinisch-technische Abteilung entstanden ist.
105 526 1258 579 — 1932 wurde die Fabrikation von Heißwasserspeichern
103 565 1260 632 aufgenommen. Als Spezialität werden neue Verfahren und
107 609 850 669 Maschinen entwickelt und ausgebaut.
103 652 1127 705 Vom Gesamtumsatz entfielen 35% auf den Export.
103 698 1260 765 Gefolgschaft: 167 Arbeiter und 30 Lehrlinge, 51 An-
103 742 600 801 gestellte u. 6 Lehrlinge.
105 884 781 950 Wilh. Hartmann, G. m. b. H.
100 930 1051 1001 siehe Fuldaer Masch.- u. Werkzeugfabrik
103 1090 1262 1184 WilliHartmann, Feuerungs-AnlagenKG.,
105 1161 522 1244 Wiesbaden 30.
100 1250 1024 1310 Fernruf: 24 816. Drahtanschrift: hartmann
105 1292 453 1351 Gründung: 1912.
103 1331 1255 1397 Fabrikationsprogramm: Gas-, Öl- u. Universal-Brenner.
105 1379 1260 1450 Kompl. Feuerungsanlagen für Handbedienung. Halb- und
105 1420 355 1475 Vollautomat.
105 1457 822 1519 Inhaber: Willi Hartmann u. Kom.
107 1502 701 1564 Prokurist: Herbert Heimann.
105 1546 1006 1603 Bankverbindung: Vereinsbank, Wiesbaden.
105 1594 987 1647 Postscheck-Konto: 75 826 Frankfurt a. M.
103 1628 726 1695 Geschäftsjahr: Kalenderjahr.
103 1695 838 1750 Anlagen: Fabrikations-Werkstätten.
103 1734 1260 1796 Eigene Vertretungen im Ausland: Amsterdam, Wien,
103 1777 660 1844 Mailand, Prag u. Bukarest.
1388 366 2555 421 Grundbesitz: 800 qm, davon 600 qm bebaut. Gesamte
1391 403 1817 465 Nutzfläche: 1000 qm.
1388 439 2555 508 Besondere Angaben: Vom Gesamtumsatz 1936 entfielen
1393 494 1948 545 etwa 60 % auf den Export.
1388 531 2550 588 Gefolgschaft: 45 Arbeiter, davon 11 Lehrlinge, u. 4 An-
1391 577 1581 636 gestellte.
1386 751 2553 845 G. Hartner, Präz.-Waagen und Spiral-
1386 824 1783 909 bohrerfabrik,
1388 902 1666 987 Ebingen.
1386 987 2408 1056 Fernruf: 2235 u. 2296. Drahtanschrift: hartner
1391 1037 1755 1092 Gründung: 1879.
1388 1081 2550 1138 Fabrikationsprogramm: Präz.-Waagen aller Art u. Ge-
1391 1122 2550 1177 wichte, Halb- u. vollautomatische Neigungswagen. Spi-
1388 1163 2236 1221 ralbohrer aus Werkzeug- u. Schnellstahl.
1388 1207 1929 1266 Inhaber: Gustav Hartner.
1391 1250 2553 1310 Prokuristen: Leopold Seidl, Karl Hartner, Theodor
1388 1289 1553 1349 Haußer.
1388 1333 2550 1399 Bankverbindung: Deutsche Bank u. Disconto-Ges.,
1391 1379 1574 1434 Ebingen.
1388 1404 2383 1480 Postscheck-Konto: 366 Stuttgart; 12 071 Köln.
1386 1464 2012 1521 Geschäftsjahr: Kalenderjahr.
1388 1514 2445 1580 Grundbesitz: 53 000 qm, davon 17 000 qm bebaut.
1388 1569 2550 1628 Anlagen: Maschinen- u. Werkzeugbau-Werkstätten.
1391 1612 1707 1667 Sauggasanlage.
1386 1651 2553 1713 Eigene Vertretungen in Berlin: Präzisionswaagen:
1393 1693 2541 1748 J. Küchen, Bln.-Schöneberg, Eisenacher Str. 72. —
1388 1732 2550 1798 Schnellwaagen: Peter Stschapoff, Bln.-Halensee, Albrecht-
1393 1780 2548 1830 Achilles-Str. 6. — Spiralbohrer: Fritz Müller, W 50,
1388 1812 1787 1876 Kulmbacher Str. 3.
1388 1860 2461 1915 Eigene Vertretungen im Ausland: Auf Anfrage.
1388 1901 2550 1968 Besondere Angaben: Die Firma unterhält in Saulgau
1388 1942 1638 2002 eine Filiale.
1384 1981 2016 2052 Gefolgschaft: 270 Mitglieder.
98 1935 1258 2020 Hartmann-Lufthammerbau Anton Halse,
100 2011 1026 2091 Chemnitz, Dresdener Straße 96.
100 2096 1106 2162 Fernruf: 26 278. Drahtanschrift: industriehalse
107 2142 458 2197 Gründung: 1931.
105 2171 1260 2245 Fabrikationsprogramm: Lufthämmer für die Schmiede
105 2224 1042 2281 in den Größen von 30 bis 600 kg Fallgewicht.
103 2265 792 2323 Inhaber: Anton Halse, Chemnitz.
103 2304 1045 2371 Bankverbindung: Dresdner Bank, Chemnitz.
103 2350 850 2410 Postscheck-Konto: 36 144 Dresden.
100 2394 692 2446 Geschäftsjahr: 1./1.—31./12.
103 2446 1258 2515 Anlagen: Maschinenbau-Werkstätten. Bohrerei, Dreherei,
105 2499 561 2554 Fräserei u. Schleiferei.
103 2538 1255 2598 Besondere Angaben: Der Lufthammerbau wurde von
105 2582 1255 2639 der seit 90 Jahren bestehenden Sächs. Maschinenfabrik
105 2627 1251 2678 vorm. Rich. Hartmann A.-G., Chemnitz, einschl. aller
103 2659 1253 2724 technischen Unterlagen, Zeichnungen, Modelle und aller
100 2708 1081 2769 Spezial-Fabrikations-Einrichtungen übernommen.
1959 210 2553 286 Hartmann — Hartung.
1386 2169 2174 2252 Hartung-Jachmann A.-G.,
1384 2240 2550 2325 Berlin-Lichtenberg, Herzbergstr. 122/24.
1388 2339 2427 2403 Fernruf: 55 53 26. Drahtanschrift: eisenhartung
1391 2394 1750 2446 Gründung: 1889.
1388 2417 2550 2485 Fabrikationsprogramm: Formmaschinen; Maschinen
1388 2467 2548 2533 für die Gummi- u. Kabelindustrie. Grauguß u. Leicht-
1388 2513 2550 2572 metallguß für die Maschinen- u. Elektrizitäts-Industrie.
1388 2554 1906 2618 Kapital: RM 2 000 000.—
1388 2595 2550 2655 Großaktionär: Allgem. Elektrizitäts-Ges., Berlin (98%).
1391 2639 2103 2696 Vorstand: Dr. Theodor Meierling.
1388 2682 1998 2740 Prokurist: Ernst Pissarczyk.
1388 2717 2548 2779 Aufsichtsrat: Vors.: Dir. Otto Koehn; Stellv.: Dir. Dr.
1388 2765 1826 2820 Valentin Litz, Berlin.
1386 2797 2548 2873 Bankverbindungen: Reichsbank, Reichskredit-Gesell-
1388 2852 1675 2907 schaft, Berlin.
1386 2891 2053 2946 Postscheck-Konto: 614 Berlin.
1386 2934 1968 2989 Geschäftsjahr: 1./4.—31./3.
1384 2983 2461 3051 Grundbesitz: 98 743 qm, davon 55 000 qm bebaut.
1386 3038 2548 3102 Anlagen: Maschinenfabrik, Graugießerei u. Leichtmetall-
1388 3079 2367 3143 gießerei mit den erforderlichen Nebenbetrieben.
1386 3118 2548 3182 Besondere Angaben: Im Jahre 1924 erwarb die Gesell-
1388 3164 2546 3228 schaft die Aktienmehrheit der Eyth-Lesser Maschinen-
1386 3209 2543 3267 fabrik A.-G. in Brandenburg a. H. Diese Ges. wurde It.
1388 3253 2543 3308 G.-V. v. 26. 2. 1926 ohne Liqu. aufgelöst u. übertrug ihr
1388 3292 2543 3345 Vermögen als Ganzes auf die Hartung A.-G. Zwecks
1386 3335 2543 3388 besserer Ausnutzung der Anlagen erfolgte 1932 Über-
1388 3379 2546 3438 nahme des Fabrikationsgebietes der Otto Jachmann Akt.-
1388 3422 2543 3477 Ges. Berlin-Borsigwalde (Gummi- u. Kabelmaschinen,
1386 3461 2543 3526 Leichtmetallgießerei). Der Betrieb in Brandenburg
1388 3500 2543 3562 wurde 1934 abgestoßen. — Lt. G.-V. v. 23. 12. 1936
1386 3544 2543 3608 Sanierung der Ges.; Übernahme der Otto Jachmann
1391 3592 2546 3649 A.-G., Berlin-Borsigwalde durch Fusion, in Verbindung
1386 3629 2376 3711 damit Fa.-Anderung in Hartung-Jachmann A-G.
100 2861 577 2937 Hartmann & Bender
100 2921 772 2989 siehe Rhein. Maschinenfabrik
98 3060 1120 3152 Hartmann & Stein Einwickel- und
103 3134 962 3223 Verpackungsmaschinenfabrik,
98 3207 1084 3285 Dresden A 27, Hofmühlenstr. 37.
100 3292 440 3351 Fernruf: 47 984.
103 3338 462 3395 Gründung: 1911.
105 3374 1258 3436 Fabrikationsprogramm: Einwickel- u. Verpackungs-
103 3418 861 3482 maschinen, Tabletten-Abzählapparate.
103 3457 676 3521 Prokurist: Walter Baeseler.
103 3496 1258 3567 Bankverbindungen: Stadtbank, Commerz- u. Privat-
105 3539 540 3606 Bank A.-G., Dresden.
103 3587 852 3649 Postscheck-Konto: 22 964 Dresden.
100 3631 715 3707 Geschäftsjahr: Kalenderjahr.
112 3833 181 3894 15*
2443 3803 2553 3892 227
