2796 4124
75 302 1232 368 stanzte Gegenstände aller Art. Sanitätsguß aller Art.
75 348 410 403 Leichtmetallguß.
75 384 595 446 Kapital: RM 8 333 000.—
75 428 779 492 Großaktionär: Otto Wolff, Köln.
80 476 1232 529 Vorstand: Generaldir. Dipl.-Ing. Willy Goldbeck, Thale.
77 517 1228 577 Prokuristen: Prenzler, Müller, Michaelis, Belte, Bokel-
75 556 689 618 mann, Lohoff, Dr. Modersohn.
75 586 1228 657 Aufsichtsrat: Vors.: Bankdir. Hölling; Stellv.: Bankdir.
75 636 446 694 Dr. Sippel, Berlin.
75 669 1230 733 Bankverbindungen: Reichsbank, Quedlinburg: Deut-
77 721 1228 790 sche Bank u. Disconto-Ges., Dresdner Bank, Berlin,
77 765 187 820 Köln.
71 801 854 863 Postscheck-Konto: 2389 Magdeburg.
73 852 666 904 Geschäftsjahr: 1./1.—31./12.
75 898 1189 969 Grundbesitz: 522 000 qm, davon 117 000 qm bebaut.
73 948 1223 1012 Anlagen: Stahl-, Walz-, Stanz- u. Emaillierwerke. Eisen-,
75 994 1226 1049 Metall- u. Leichtmetallgießerei. Großschweißwerk. Ver-
73 1040 1223 1095 zinkerei, Verbleierei, Verzinnerei. 2 Gleisanschlüsse. —
75 1076 1226 1136 Arbeitersiedlung. Eigene Wohnhäuser f. Arbeiter und
75 1122 790 1177 Angestellte. Eigenes Krankenhaus.
71 1161 1226 1223 Eigene Vertretung in Berlin: Verkaufsbüro: Potsda-
73 1205 313 1260 mer Str. 28.
77 1244 1226 1299 Tochtergesellschaften: Sohler-Werke A.-G., Staßfurt-
75 1287 1223 1347 Leopoldshall. — Gesellschaft für Steinfabrikation u.
71 1328 1223 1390 Bergbaubetrieb Thale a. H. m. b. H. (100 %), Thale a. H.
75 1370 1226 1425 — Werkhandelsgesellschaft der Eisenhüttenwerk Thale
73 1411 758 1468 A.-G. m. b. H. (100 %), Thale a H.
71 1452 1223 1509 Besondere Angaben: Eines der ältesten u. seiner Ge-
73 1491 1221 1548 schichte nach interessantesten Unternehmen der Eisen-
73 1532 1221 1594 industrie ist das Eisenhüttenwerk Thale, dessen Anfänge
71 1580 1219 1638 bis in das 17. Jahrhundert zurückreichen. — 1686 wurde
73 1619 1223 1679 zu Potsdam zwischen dem Großen Kurfürsten und dem
73 1661 1219 1718 Inspektor Johann Christoph Wichmannhausen ein Ver-
73 1711 1219 1766 trag betr. Gründung eines neuen Hüttenwerkes in der
71 1741 1216 1800 Grafschaft Reinstein geschlossen. Dieser Vertrag ge-
73 1787 1221 1842 währte das Schürfrecht im ganzen Fürstentum Halber-
73 1826 1216 1883 stadt. Es entstanden Hochöfen mit Pochwerken, Frisch-
73 1871 1219 1931 und Zainhämmer. Das Hüttenwerk geriet in Verfall und
75 1917 1219 1970 wurde 1760 so umgestaltet, daß eine erfolgreiche Füh-
71 1954 1216 2018 rung der Betriebe ermöglicht wurde. — 1778 ging das
73 2000 1219 2057 Hüttenwerk in den Besitz Friedrich des Großen bzw. des
73 2034 1214 2094 Kgl. Preußischen Fiskus über, der noch eine Hütte für
75 2075 1216 2135 Schwarz- u. Weißblech anlegen ließ. Friedr. d. Große tat
77 2128 1216 2176 viel für das Werk. Unter ihm wurde eine Knappschafts-
71 2160 1216 2224 kasse gegründet, u. die Hüttenschule ins Leben gerufen,
75 2208 1214 2263 die die einzige Volksschule am Orte war. — 1820 wurde
71 2247 1212 2307 das Werk dem Offizianten Friedrich des Großen, Berg-
75 2288 1216 2346 inspektor Johann Karl Bennighaus, in Erbpacht gege-
71 2327 1216 2387 ben. Das Erbpachtverhältnis ging infolge des Gesetzes
80 2371 1216 2428 v. 2. März 1850 in Eigentum über. Die Entwicklung des
71 2407 1214 2469 Hüttenwerkes dieser Epoche war von erheblicher Bedeu-
73 2453 1216 2513 tung. — 1831 entstand hier die erste deutsche schmiede-
71 2497 1214 2554 eiserne Wagenachse. — 1835 wurde das erste emaillierte
71 2533 1216 2595 Kochgeschirr hergestellt. Die Arbeiterzahl betrug 150
73 2577 1214 2632 Mann. — 1862 ging das Werk in die Hände des Berliner
73 2616 1214 2678 Stadtrates Emil Soltmann über. — 1899 wurde damit be-
73 2669 1214 2726 gonnen, ein Martin- u. Blockwalzwerk zu errichten, so-
71 2708 1214 2760 wie im Anschluß daran die vorhandenen Blechwalzwerke
73 2753 1212 2804 auszubauen. — 1920 Erwerb der Gesellschaft für Stein-
71 2790 1200 2843 fabrikation u. Bergbaubetrieb Thale a. H. m. b. H. —
73 2824 1214 2889 1930 Gründung einer Werkhandelsgesellschaft unter der
71 2868 1212 2925 Firma Werkhandelsgesellschaft der Eisenhüttenwerk
73 2914 1214 2971 Thale A.-G. m. b. H., mit dem Sitz in Thale. — 1934
71 2953 1212 3010 Erwerb von Aktien der Sohler-Werke A.-G., Staßfurt-
75 2994 1212 3058 Leopoldshall. — 1936 konnte die Gesellschaft den Tag
71 3040 1210 3095 ihres 250 jährigne Bestehens feiern. Im Laufe der 250
71 3081 1212 3138 Jahre ist das Werk mannigfachen Wandlungen unter-
71 3120 1210 3182 worfen gewesen. Trotz ungünstiger Standortsverhält-
66 3168 1210 3228 nisse u. Wettbwerbsbedingungen hat sich das Werk,
68 3205 1210 3262 dank seiner in der ganzen Welt anerkannten Qualitäts-
71 3253 1210 3308 ware, zu dem größten Emaillierwerk Europas aufschwin-
64 3292 313 3349 gen können.
1359 311 2243 387 Eisenhüttenwerke G. m. b. H.,
1359 375 2404 462 Eisengießerei und Maschinenfabrik,
1359 444 1977 545 Berggießhübel (Sa.).
1359 533 2447 593 Fernruf: 313 Gottleuba. Drahtanschrift: eisenwerk
1361 575 1723 641 Gründung: 1928.
1359 623 2484 687 Fabrikationsprogramm: Schleifmaschinen; Kaltsägen;
1368 662 1867 714 Spindel- u. Dornpressen.
1361 705 1826 762 Kapital: RM 20 000.—
1363 742 2193 804 Anteileigner: Paul Fischer, Lohmen/Sa.
1359 781 2516 856 Bankverbindungen: Allgem. Deutsche Credit-Anstalt,
1361 829 2037 884 Pirna; Girokasse, Berggießhübel.
1359 870 2108 934 Postscheck-Konto: 14 500 Dresden.
1356 916 1961 969 Geschäftsjahr: 1./1.—31./12.
1359 985 2186 1040 Anlagen: Werkzeugmaschinenbaufabrik.
1361 1017 2518 1076 Eigene Vertretung in Berlin: M. Muschnat, Bln.-
1359 1063 2113 1118 Charlottenburg 9, Ragniter Allee 1.
1361 1097 2518 1159 Tochtergesellschaft: Fischer & Co. G. m. b. H., Freital.
1359 1145 2516 1205 Besondere Angaben: Das Werk besteht seit 1836 und
1359 1189 2516 1241 wurde Bergbau (Erze) getrieben. Heute ist es eine Ma-
1356 1230 2518 1299 schinenfabrik und Gießerei. Die Gießerei ist verpachtet.
1354 1273 1888 1331 Gefolgschaft: 100 Mann.
1686 155 2520 231 Eisenhüttenwerke — Eisenwerk
1352 1404 2520 1482 Eisenkonstruktionen u. Maschinenfabrik, Akt.-Ges.
1356 1470 1702 1535 siehe Eikomag
1349 1594 2511 1683 Eisenwerk Bassum mit beschr. Haftung,
1352 1665 1925 1743 Bassum b. Bremen.
1352 1750 2236 1816 Fernruf: 317. Drahtanschrift: eisenwerk
1356 1800 1716 1853 Gründung: 1904.
1354 1826 2511 1906 Fabrikationsprogramm: Pflüge, Eggen, Kultivatoren,
1354 1876 2071 1935 Düngerstreuer, Heurechen, Walzen.
1354 1922 1844 1981 Kapital: RM 165 000.—.
1354 1954 2454 2020 Anteileigner: Herm. Schröder, S. Schröder, Bassum.
1354 2002 2346 2062 Geschäftsführer: Herm. Schröder, A. Schröder.
1354 2045 1918 2103 Prokurist: Gg. Prinninger.
1352 2084 2509 2151 Bankverbindungen: Sparkasse des Kreises Grafschaft
1352 2130 2509 2192 Hoya zu Syke, Bremer Bank, Filiale der Dresdner Bank,
1352 2169 1604 2231 Hemelingen.
1352 2208 2069 2270 Postscheck-Konto: 871 Hamburg.
1352 2263 1970 2314 Geschäftsjahr: 1./11.—31./10.
1354 2307 2365 2375 Grundbesitz: 25 000 qm, davon 4000 qm bebaut.
1352 2371 2509 2423 Anlagen: Hammerschmiede, Bearbeitungs- u. Montage-
1354 2407 1613 2465 werkstätten.
1345 2515 2090 2602 Eisenwerk Hugo Brauns,
1342 2591 2291 2671 Dortmund, Münsterstr. 160/162.
1345 2678 2404 2735 Fernruf: 35 241/42. Drahtanschrift: braunswerke
1349 2726 1716 2776 Gründung: 1813.
1347 2758 2507 2818 Fabrikationsprogramm: Maschinen für Berg- u. Hütten-
1349 2806 2507 2863 werke zur Aufbereitung von Kohlen, Salzen und Erzen
1349 2838 2504 2909 (Setzmaschinen, Aufschiebevorrichtungen, Becherwerke,
1347 2884 2502 2953 Kokssiebereien, Transportanlagen, Stahlbänder, Sperren,
1347 2925 2317 2987 Bremsen, Füllortausbauten mit Schachtstühlen).
1352 2969 2223 3028 Inhaber: Ing. Hermann Steuff, Dortmund.
1345 3015 2463 3072 Kaufm. Geschäftsleiter: Heinrich Beine, Dortmund.
1345 3051 2433 3122 Bankverbindung: Deutsche Bank u. Disconto-Ges.,
1347 3097 1567 3152 Dortmund.
1345 3134 2133 3196 Postscheck-Konto: 18 813 Dortmund.
1352 3180 1945 3239 Geschäftsjahr: 1./1.—31./12.
1340 3246 2392 3312 Grundbesitz: ca. 7000 qm, davon 4000 qm bebaut.
71 3390 270 3448 Arbeiter
77 3425 346 3493 Angestellte
68 3335 1214 3400 Gefolgschaft: 1931 1932 1933 1934 1935 1936
66 3468 1081 3539 Umsatz Mill. RM 14,25 10,90 11,80 18,50 22,0
1148 3477 1164 3530 —
66 3519 1212 3594 Zur Ausbildung des Facharbeiternachwuchses werden
73 3562 953 3647 besondere Lehrlingswerkstätten unterhalten.
1338 3374 2225 3457 Eisenwerk Brünner Akt.-Ges.,
1340 3448 2048 3523 Artern (Prov. Sachsen).
1338 3530 2319 3590 Fernruf: 203. Drahtanschrift: brünnerwerke
1338 3578 2021 3652 Gründung: 1875; seit 1900 A.-G.
68 3766 754 3846 1 Maschinen-Industrie 1937
2401 3755 2507 3849 145
469 3386 1212 3450 2800 2300 2800 3300 3800 4300
485 3434 1210 3493 180 175 170 190 220 250
