2796 4124
107 325 1269 391 schweißerei, Maschinenbau. Teilweise Krafterzeugung.
107 366 394 423 Gleisanschluß.
110 403 1267 474 Eigene Verkaufsbüros: In Berlin: Leiter Dipl.-Ing. W.
110 453 1267 513 Cordes, Bln.-Charlottenburg, Reichsstr. 9; in Düsseldorf:
110 490 919 559 Leiter Obering. W. Baron, Sternstr. 78.
112 536 1267 602 Vertretungen im Ausland: Ägypten, Afghanistan, Ar-
110 581 1262 641 gentinien, Australien, Belgien, Brasilien, Brit. Indien, Bul-
110 623 1262 685 garien, Canada, Chile, China, Dänemark, Ecuador, England,
110 662 1262 730 Estland, Finnland, Frankreich, Griechenland, Holland, Irak,
110 701 1262 765 Iran, Irland, Italien, Japan, Jugoslawien, Lettland, Li-
110 746 1260 813 tauen, Luxemburg, Mandschuko, Mexiko, Niederl. Indien,
110 788 1260 856 Norwegen, Österreich, Paraguay, Peru, Polen, Portugal,
110 829 1260 895 Rumänien, Rußland, Schweden, Schweiz, Spanien, Süd-
107 872 1262 948 afrika, Tschechoslowakei, Türkei, Ungarn, Uruguay,
110 916 320 971 Venezuela.
107 950 1265 1017 Besondere Angaben: Das Unternehmen wurde als Ma-
112 1001 1260 1060 schinenfabrik gegründet. Später kam die Aufnahme des
107 1035 1258 1108 Baues von Baggern hinzu. — 1907 erhebliche Erweiterung
105 1081 1262 1145 des Betriebes durch Hinzukauf von Gelände u. der Ma-
105 1124 905 1184 schinenfabrik von Lange & Geerckens.
107 1168 1265 1228 Gefolgschaft: 1450 Personen. Zur Zeit wird der Betrieb
112 1207 1258 1273 in 4 Werken aufrechterhalten. Lehrlingswerkstätten u.
107 1250 1258 1321 Kameradschaftsheime für die Gefolgschaft stehen zur
107 1292 334 1351 Verfügung.
1393 348 2548 428 Mercedes Büromaschinen-Werke A.-G.,
1393 403 2548 494 Benshausen, Post Zella-Mehlis (Thür.).
1393 510 2525 570 Fernruf: 841. Drahtanschrift: mercedes zellamehlis
1395 561 2094 623 Gründung: 1906; seit 1927 A.-G.
1395 609 2559 678 Fabrikationsprogramm: Kleinschreibmaschinen: (Mo-
1400 659 2557 730 dell) „Prima“, „Superba“, „Selekta“; Büroschreibmaschi-
1398 701 2553 772 nen: (Modell) „Favorit“, „Motor Expreß“, „Elektra“;
1398 737 2557 801 Schreibbuchungsmaschinen (nicht rechnend); Buchungs-
1398 783 2555 854 u. Organisationsmaschinen: „Addelektra“; Endlosformu-
1395 820 2555 900 larmaschinen: „Multiskript“; Rechenmaschinen: „Euklid“.
1400 866 1909 925 Kapital: RM 5 000 000.—
1393 907 2557 978 Großaktionär: Underwood-Elliott-Fisher Co., New-Vork
1398 955 1631 1012 (Majorität).
1398 989 2557 1058 Vorstand: Dir. Dr. jur. Eduard Bootz, Dir. Robert An-
1395 1035 1805 1095 schütz, Zella-Mehlis.
1398 1072 2555 1140 Prokuristen: Paul Bechmann, Erich Kowalsky, August
1395 1118 2553 1186 Merz, Dr. Günter Wendler, Zella-Mehlis; August Dohle,
1398 1157 2023 1221 Walter Schürmann, Meiningen.
1393 1205 2555 1271 Aufsichtsrat: Vors.: Dir. C. Schippert, Stuttgart; Stellv.:
1391 1246 1966 1301 P. D. Wagoner, New-Vork.
1391 1289 2548 1367 Bankverbindungen: Commerz- u. Privat-Bank A.-G.,
1391 1340 2550 1406 Berlin, Zella-Mehlis; Thür. Staatsbank, Weimar Fil.
1391 1381 2550 1445 Zella-Mehlis; Reichs-Kredit-Gesellschaft, Bank der Deut-
1391 1425 2548 1502 schen Arbeit A.-G., Berlin; Reichsbanknebenstelle, Suhl.
1388 1475 2101 1537 Postscheck-Konto: 68 206 Berlin.
1388 1519 2012 1578 Geschäftsjahr: 1./11.—31./10.
1386 1590 2461 1663 Grundbesitz: 144 178 qm, davon 25 347 qm bebaut.
1388 1642 2546 1706 Anlagen: Werk Mehlis. — Werk Zella. — Schrauben-
1388 1686 2546 1754 fabrik Zella. — Gießerei Zella. — (Verwaltungsgebäude;
1386 1729 2546 1803 mechanische Werkstätten, Gießereien u. sonstige Spe-
1386 1768 1638 1828 zialanlagen.
1388 1805 2546 1874 Eigene Vertretung in Berlin: Mercedes Büromaschinen-
1388 1848 2543 1919 Werke A.-G., Geschäftsstelle. W 35, Potsdamer Str. 112.
1386 1892 2417 1958 Eigene Vertretungen im Ausland: Auf Anfrage.
1386 1935 2539 2007 Tochtergesellschaften: Adrema Maschinenbauges. m. b.
1388 1974 2541 2045 H., Berlin NW 87. — Adrema Export G. m. b. H., Berlin
1386 2016 2145 2087 NW 87. — Mercedes S.-A., Bukarest.
1379 2057 2541 2135 Beteiligung: Büromaschinen-Finanzierungsgesellschaft m.
1386 2105 1659 2169 b. H., Berlin.
1384 2146 2541 2222 Besondere Angaben: Anläßlich der Umgründung der
1384 2201 2539 2275 Gesellschaft (1927) brachte Dr. Gustav Mez das von ihm
1381 2242 2539 2304 seit 1906 unter der Firma „Mercedes“ Büromaschinen-
1381 2284 2534 2357 u. Waffenwerke G. m. b. H.“, Benshausen u. Zella-Mehlis,
1381 2320 2534 2401 betriebene Unternehmen mit allen gewerblichen Schutz,
1379 2362 2534 2437 Fabrikations- u. Firmenrechten ein. — 1930 wurde die
1379 2412 2537 2472 „Underwood-Elliott-Fisher Company“, New-Vork, Groß-
1379 2453 2534 2522 aktionär der Mercedes-Werke. — 1932 führte die Ver-
1379 2492 2537 2559 bindung mit der amerikanischen Underwood zu einer
1381 2538 2537 2600 Ausweitung des Fabrikationsprogramms der Mercedes-
1379 2575 2532 2643 Werke, insbesondere zur Aufnahme des Kleinschreib- u.
1379 2614 2532 2689 Endlosformularmaschinenbaues. — Trotz der allgemeinen
1379 2657 2534 2733 Wirtschaftsdepression gelang es, die erreichte Position
1375 2698 2534 2772 innerhalb der deutschen Büromaschinengesamtausfuhr zu
1377 2742 2534 2813 behaupten, zu befestigen u. sogar in einer Maschinenart
1379 2790 2527 2850 ca. 100 % der deutschen Gesamtausfuhr zu erzielen. —
1379 2827 2532 2902 1933 brachte eine starke Umsatzsteigerung und Erhöhung
1375 2875 2530 2934 der Exportquote. In manchen Maschinenarten verdoppel-
1375 2918 2530 2980 ten sich die Umsätze u. erforderten so eine beträchtliche
1377 2950 2527 3017 Vermehrung der Gefolgschaft. — 1934/35 setzte sich die
1375 2994 2530 3060 Umsatzsteigerung im In- u. Auslandgeschäft fort, so daß
1375 3044 2525 3111 gegenüber 1933 eine Steigerung von mehreren 100 %
1372 3083 2527 3147 erreicht wurde. — Ein Fabrikneubau wurde in Zella-
1375 3120 2527 3184 Mehlis aufgeführt u. in Betrieb genommen. — 1935 er-
1372 3166 2525 3230 warben die Mercedes-Werke die gesamten Anteile an der
1372 3209 2525 3271 „Adrema Maschinenbauges. m. b. H.“ u. der „Adrema
1375 3248 2525 3315 Export-G. m. b. H., Berlin. — 1935/36 übernahmen die
1372 3285 2525 3361 Mercedes-Werke den Geschäftsbetrieb der Tochtergesell-
1372 3335 2527 3397 schaft „Mercedes Büromaschinen G. m. b. H., Berlin. Die
1372 3372 2523 3441 Umsätze im In- u. Auslandgeschäft konnten weiter ge-
1370 3420 2527 3491 steigert werden. Es erfolgte ein Ausbau des Fabrika-
1372 3464 1702 3519 tionsprogramms.
1365 3503 2525 3583 Gefolgschaft: 1930/31 31/32 32/33 33/34 34/35
1368 3562 1560 3624 Arbeiter
1728 3562 1844 3622 1900
1915 3571 2051 3635 1300
2074 3571 2202 3624 1240
2250 3569 2369 3626 1508
2404 3569 2516 3633 2746
1363 3603 1613 3693 Angestellte
1746 3613 1835 3697 280
1936 3615 2028 3674 250
2094 3615 2197 3697 303
2262 3619 2372 3695 323
2422 3619 2516 3684 430
100 1429 428 1493 Karl Mengele
103 1473 825 1557 siehe Masch.-Fabrik Günzburg
98 1612 909 1702 A. Mengeringhausen Nachf.
98 1686 1081 1780 Eisengießerei & Maschinenfabrik,
96 1766 1166 1844 Iserlohn (Westf.), Baarstraße 11/17.
96 1832 1191 1901 Fernruf: 4045/46. Drahtanschrift: mengeringhausen
100 1878 751 1942 Gründung: 1863; eingetr. 1874.
98 1919 1251 1979 Fabrikationsprogramm: Spezialmaschinen für die
100 1954 1251 2029 Schiffs- u. Handelsketten-Industrie. Spezialmaschinen für
98 2002 1249 2075 die Gießereien. Spezialmaschinen für die Fabrikation
103 2043 797 2110 von Schleif- u. Schmirgelscheiben.
98 2078 588 2146 Kapital: RM 100 000.—
96 2126 710 2185 Inhaber: Jos. Heinr. Bodden.
96 2167 1189 2231 Prokuristen: Jos. J. Bodden, Ing. Ewald Brinkmann.
96 2213 1246 2288 Bankverbindung: Commerz- u. Privat-Bank A.-G.,
98 2249 263 2314 Iserlohn.
96 2286 838 2355 Postscheck-Konto: 1867 Dortmund.
93 2339 708 2396 Geschäftsjahr: Kalenderjahr.
93 2387 1072 2456 Grundbesitz: 3488 qm, davon 3488 qm bebaut.
93 2430 1251 2499 Anlagen: Maschinenfabrik, Eisengießerei, Modelltisch-
96 2472 190 2529 lerei.
93 2515 1249 2591 Eigene Vertretung in Berlin: Karl Hahn & Co., Bln.-
93 2552 297 2616 Friedenau.
91 2591 939 2662 Eigene Vertretung im Ausland: Paris.
89 2646 946 2705 Gefolgschaft: 70 Arbeiter u. Angestellte.
1989 192 2564 272 Mengele — Mercedes
87 2765 339 2824 Karl Menn
91 2806 1125 2886 siehe Wittener Werkzeug- u. Masch.-Fabrik
82 2928 1070 3028 Nikl. Mennicken Maschinenfabrik,
84 3001 692 3086 Aachen, Eifelstr. 1 c.
87 3067 433 3136 Fernruf: 22 215.
89 3118 444 3177 Gründung: 1900.
87 3159 1244 3225 Fabrikationsprogramm: Dachziegel-Revolverpressen
89 3202 1242 3278 mit u. ohne Abfall-Kuchenpressen; Schlittenpressen;
87 3244 1239 3326 Mutterformen u. Arbeitsformen für alle Arten Dach-
91 3287 213 3347 ziegel.
93 3324 831 3393 Inhaber: Nikl. Mennicken, Aachen.
87 3370 971 3445 Bankverbindung: Dresdner Bank, Aachen.
87 3413 770 3484 Postscheck-Konto: 86 829 Köln.
84 3459 673 3526 Geschäftsjahr: 1./1.—31./12.
84 3503 1242 3585 Anlagen: Maschinenbau-Werkstätten mit Modelltisch-
84 3548 183 3610 lerei.
77 3583 1104 3688 Gefolgschaft: 27 Mitglieder (davon 5 Lehrlinge).
75 3791 148 3869 26*
2422 3796 2532 3883 403
