2796 4124
151 343 1308 419 Bankverbindung: Deutsche Bank u. Disconto-Ges., Ham-
155 387 265 444 burg.
151 426 1143 497 Postscheck-Konten: 11 766 u. 44 888 Hamburg.
153 471 744 533 Geschäftsjahr: 1./1.—31./12.
153 526 1102 593 Grundbesitz: 9000 qm, davon 3000 qm bebaut.
153 577 1308 646 Anlagen: Dreherei, Hobelei, Montagehalle, Tischlerei-
155 620 751 685 Magazin und Kontorgebäude.
151 666 1306 735 Besondere Angaben: Seit der Gründung vorwiegend mit
153 714 1299 778 dem Bau von Wäschereimaschinen beschäftigt gewesen,
148 749 1301 815 hatte das Unternehmen bis in die Jahre 1929/30 hinein
146 799 1299 861 durch technisch vollwertige Ausbildung seiner Fabrikate
148 840 1297 902 seine Umsätze bedeutend steigern können. — 1930 betrug
146 884 1297 934 die Belegschaft 180 Mann. Durch die wirtschaftliche De-
146 923 1297 987 pression der nachfolgenden Zeit war die Zahl der Be-
146 964 1297 1031 schäftigten zeitweise stark gesunken, konnte aber in
144 1003 1155 1065 letzter Zeit wieder beträchtlich gehoben werden.
142 1179 1159 1264 Anton Ellinghaus Maschinenfabrik
142 1260 1180 1344 und Apparatebauanstalt G. m. b. H.,
142 1324 561 1404 Beckum i. W.
142 1422 1177 1486 Fernruf: 3145. Drahtanschrift: anton ellinghaus
142 1468 497 1528 Gründung: 1905.
142 1502 1294 1569 Fabrikationsprogramm: Apparate, Behälter, Rohrleitun-
142 1555 1290 1615 gen aus Kupfer, Aluminium, nichtrostenden Stählen für
144 1594 1290 1667 die chemische-, Brau-, Nahrungs- u. Genußmittel-In-
144 1640 297 1690 dustrie.
142 1670 609 1736 Kapital: RM 80 000.—.
144 1711 1198 1782 Anteileigner: Anton Ellinghaus u. seine 6 Söhne.
148 1764 891 1816 Geschäftsführer: Anton Ellinghaus.
137 1800 1294 1862 Prokuristen: El. Ellinghaus, Hermann Ellinghaus, Hubert
142 1842 737 1899 Ellinghaus, Josef Hallerbach.
137 1887 1292 1954 Bankverbindungen: Reichsbank, Dresdner Bank, Städ-
139 1926 669 1984 tische Sparkasse, Beckum.
139 1965 905 2029 Postscheck-Konto: 29 848 Hannover.
135 2013 735 2066 Geschäftsjahr: 1./1.—31./12.
137 2064 1102 2137 Grundbesitz: 5000 qm, davon 4500 qm bebaut.
139 2116 1287 2171 Anlagen: Mechanische Werkstätten mit den erforder-
137 2155 1285 2224 lichen Nebenbetrieben; Schweißanlagen, Azetylenanlagen.
142 2199 1155 2265 Eigene Vertretungen im Ausland: Auf Anfrage.
137 2242 1285 2297 Besondere Angaben: Aus kleinen Anfängen bei der
137 2279 1283 2343 Gründung errang das Unternehmen allmählich größere
137 2320 1281 2387 Bedeutung. Die Erzeugnisse finden Absatz in der ganzen
137 2364 1281 2423 Welt. Es wurden in den besten Jahren bis zu 180 Ge-
137 2403 1281 2476 folgschaftsmitglieder beschäftigt, eine Zahl, die in den
135 2453 1281 2517 schlechten zurückliegenden Jahren reduziert werden
135 2495 1278 2561 mußte, die aber allmählich nach und nach wieder er-
135 2531 373 2593 reicht wird.
135 2568 1281 2634 Das Unternehmen bildet den Nachwuchs durch Lehrlings-
135 2621 1278 2685 ausbildung selbst heran, eine Methode, die sich sehr gut
137 2657 389 2717 bewährt hat.
130 2701 1278 2765 Jahresumsätze in den besten Jahren bis zu 3,2 Mill. RM.
1432 352 2598 444 Elmshorner Eisen- und Gummidessin-
1436 426 2225 506 walzen-Fabrik G. m. b. H.,
1432 494 2266 591 Elmshorn, Schlageterstr. 31.
1434 586 1748 641 Fernruf: 2046.
1434 623 2259 682 Drahtanschrift: elmshorner eisenwerk
1434 669 1799 721 Gründung: 1924.
1434 703 2587 767 Fabrikationsprogramm: Gummi-Dessin-Walzen, Gum-
1432 753 2587 824 miwalzen, Druckmaschinen, Papierverarbeitungsmaschi-
1436 795 1526 850 nen.
1434 829 1915 891 Kapital: RM 20 000.—.
1434 877 2410 934 Anteileigner: Obering. Johann Bey, Elmshorn.
1432 911 2582 982 Bankverbindung: Commerz- u. Privat-Bank A.-G.,
1436 955 1640 1017 Elmshorn.
1432 1001 2200 1058 Postscheck-Konto: 85 624 Hamburg.
1430 1042 2023 1102 Geschäftsjahr: 1./1.—31./12.
1423 1202 2401 1285 Chr. Elsenhans, Maschinenfabrik,
1427 1278 2016 1363 Gernsbach (Baden).
1425 1358 2314 1418 Fernruf: 317. Drahtanschrift: elsenhans
1425 1399 2580 1464 Fabrikationsprogramm: Allgemeiner Maschinenbau.
1425 1445 2580 1516 Einzelteile für die Papier- u. Holzstoffindustrie; Repa-
1427 1491 1592 1544 raturen.
1423 1530 1996 1587 Inhaber: Albert Elsenhans.
1425 1569 2580 1633 Bankverbindungen: Deutsche Bank u. Disconto-Ges.,
1427 1608 2578 1674 Vereinsbank e. G. m. b. H., Bezirkssparkasse, Gernsbach.
1423 1649 2193 1711 Postscheck-Konto: 21 152 Karlsruhe.
1418 1690 2016 1754 Geschäftsjahr: 1./1.—31./12.
1420 1748 2578 1823 Anlagen: Mechanische Werkstätten, Dreherei, Eisen- u.
1420 1805 1721 1867 Metallgießerei.
2097 210 2601 293 Ellinghaus — Elze
1414 1945 2468 2025 Elsner Maschinenfabrik G. m. b. H.,
1414 2018 2573 2110 Dresden N. 15, Industriegelände Eing. A.
1416 2094 2360 2171 Fernruf: 56 062. Drahtanschrift: elsnerwerk
1418 2146 1771 2206 Gründung: 1915.
1414 2190 2569 2259 Fabrikationsprogramm: Lederverarbeitungsmaschinen,
1418 2231 1757 2293 Koffermaschinen.
1411 2268 2559 2336 Bankverbindung: Dresdner Handelsbank, Dresden. X
1409 2419 2069 2492 Elwa, Walzengravieranstalt
1411 2472 1879 2545 siehe Emil Lehmann
128 2875 1258 2966 Elliott Adressiermaschinen G. m. b. H.,
126 2946 1017 3042 Berlin 0 17, Mühlenstr. 51/58.
128 3040 1278 3118 Fernruf: Büro u. Verkaufsstelle: 57 31 11; Fabrik:
135 3088 293 3152 57 31 12.
128 3125 737 3193 Drahtanschrift: adresselliott
128 3177 481 3239 Gründung: 1934.
128 3216 1274 3290 Fabrikationsprogramm: Adressiermaschinen u. Adres-
128 3262 421 3319 sierschablonen.
130 3301 586 3365 Kapital: RM 40 000.—
128 3345 1274 3413 Anteileigner: H. P. Elliott, U. S. A.; John H. u. Harold
128 3381 433 3450 Stielow, Berlin.
126 3420 850 3489 Geschäftsführer: John H. Stielow.
132 3466 939 3528 Prokuristen: Harold Stielow. K. Lauk.
126 3505 1269 3585 Bankverbindung: Deutsche Bank u. Disconto-Ges., Berlin.
128 3546 843 3617 Postscheck-Konto: 104 788 Berlin.
123 3592 731 3681 Geschäftsjahr: Kalenderjahr.
1407 2627 1801 2705 Elze & Hess,
1407 2696 2165 2788 Gera, Pfortener Str. 3—9.
1407 2781 2204 2845 Fernruf: 3490. Drahtanschrift: elite
1411 2829 1776 2884 Gründung: 1919.
1404 2873 2562 2925 Fabrikationsprogramm: Oberfräs-Maschinen u. Appa-
1409 2914 2559 2976 rate für Holz u. Leichtmetall, sowie künstliche Werk-
1407 2955 1535 3008 stoffe.
1404 2992 2032 3049 Inhaber: Wilhelm Heß, Gera.
1409 3038 1915 3093 Prokurist: Ernst Urban.
1404 3072 2559 3138 Bankverbindungen: Bankhaus Gebr. Oberlaender,
1402 3113 2557 3177 Reichsbankstelle, Commerz- u. Privat-Bank A.-G., Gera.
1404 3161 2133 3219 Postscheck-Konto: 28 252 Leipzig.
1402 3207 1996 3260 Geschäftsjahr: 1./1.—31./12.
1402 3260 2385 3331 Grundbesitz: 5500 qm, davon 1200 qm bebaut.
1402 3312 2553 3370 Anlagen: Fabrikationswerkstätten mit Dampf- u. elektr.
1402 3347 2553 3411 Betrieb, mit Dreherei u. Fräserei; Lager- u. Packräume;
1400 3390 1865 3448 kaufm. u. techn. Büro.
1400 3427 2555 3493 Besondere Angaben: 1903 unter der Firma Müller &
1400 3475 2553 3542 Kronschwitz, Gera zur Fabrikation von Holzbearbeitungs-
1400 3519 2550 3576 maschinen gegründet, ging die Firma, die sich unter-
1398 3558 2553 3629 dessen in Firma Kellner & Kronschwitz geändert hatte,
1398 3603 2548 3677 1919 in den Besitz der Herren „Elze & Heß“ über. —
2447 3784 2555 3892 151
