2796 4124
116 352 831 419 Postscheck-Konto: 74 387 Berlin.
116 396 715 460 Geschäftsjahr: 1./1.—31./12.
119 449 1281 524 Anlagen: Mechanische Werkstätten, Montage-Abteilung;
121 504 1230 563 Lagerraum mit Vorführmaschinen. Konstruktionsbüro.
121 538 1281 607 Besondere Angaben: Vom Gründer wurde die 1857
123 586 1278 652 gegr. Firma A. Dressel übernommen. Seit der Grün-
121 630 1281 694 dung betrieb die Firma die Errichtung vollständiger
121 671 1281 733 Gummifabriken sowohl im In- wie im Ausland. — 1914
123 712 1281 769 wurde der Bau von Spezialapparaturen für Holzimprä-
123 751 1281 824 gnierung aufgenommen. — 1928 Spezialapparate für
123 801 559 861 Kunstharzherstellung.
121 888 717 971 Otto Schwade & Co.
121 962 1122 1053 Deutsche Automat. Pumpenfabrik,
123 1040 708 1118 Erfurt, Grenzweg 2.
126 1102 1093 1170 Fernruf: 26 487/88. Drahtanschrift: automat
130 1159 490 1216 Gründung: 1888.
130 1179 1287 1255 Fabrikationsprogramm: Schwade-Pumpen für Dampf-,
130 1239 1290 1310 Luft-, Riemen- u. elektrischen Antrieb für alle Zwecke
130 1287 410 1340 der Industrie.
130 1310 1228 1386 Bankverbindung: Bankhaus Adolph Stürcke, Erfurt.
132 1363 1287 1427 Eigene Vertretung in Berlin: Ing. Friedrich Blüthner,
130 1404 907 1466 Bln.-Spandau, Wustermarker Str. 53.
1409 341 2571 405 Grundbesitz: 17 980 qm, davon 3255 qm bebaut; gepach-
1411 391 2479 451 tet sind 156 020 qm mit 60 245 qm bebauter Fläche.
1411 430 2571 494 Anlagen: Werk Friedrichstal b. Freudenstadt. — Werk
1414 469 2564 529 Königsbronn. — Werk Ludwigstal b. Tuttlingen. —
1414 515 2564 572 Werk Wilhelmshütte in Schussenried. — Eisenerzgrube,
1414 554 2571 618 Kalksandsteinbruch; Gießerei mit Modelltischlerei und
1414 595 2571 655 Schlosserei; Gesenkschmiede, Walzwerk mit Zieherei;
1411 639 2527 698 Bauabteilung; Prüfanstalt; Bahnbetrieb. Gleisanschluß.
1414 675 2571 744 Tochtergesellschaften: Werk Friedrichstal, Kr. Freu-
1414 723 2566 778 denstadt. — Werk Königsbronn, Kr. Heidenheim/Br. —
1416 765 2571 824 Werk Ludwigstal, Kr. Tuttlingen. — Werk Schussenried,
1414 806 1686 868 Kr. Waldsee.
1414 850 2573 904 Firma gehört folgendem Konzern: Gutehoffnungs-
1418 891 1913 953 hütte, Oberhausen/Rhld.
1414 932 2573 994 Besondere Angaben: Das Hüttenwerk Wasseralfingen
1416 971 2571 1033 entstand 1668/71 unter fürstpröbstlich ellwängischer
1414 1017 2573 1076 Herrschaft zunächst mit Grubenbetrieb und Schmelzofen
1416 1060 2573 1120 für Eisenerzeugung. — 1801 fielen die Werke an die würt-
1416 1099 2571 1166 tembergische Krone, und erst 1921 wurde aus dem ehe-
1414 1140 2573 1202 maligen königlichen, dann staatlichen Hüttenwerk eine
1416 1179 2573 1241 Privatgesellschaft m. b. H. Sehr beachtliche Erfindungen
1416 1223 2571 1292 auf dem Gebiet der Hüttentechnik unter Faber du Faur
1418 1269 2573 1331 1811/1843 haben dem Hüttenwerk einen guten Namen in
1416 1308 1945 1367 der Hüttenwelt erworben.
1416 1344 2575 1422 Heute faßt das Werk mit seinen Tochtergesellschaften
1418 1395 2449 1454 einen Belegschaftsstand von etwa 1800 Arbeitern.
130 1512 1242 1610 Schwäbische Hüttenwerke G. m. b. H.,
137 1590 719 1670 Werk Königsbronn,
132 1658 728 1754 Königsbronn/Württ.
130 1745 1019 1814 Fernruf: 61. Drahtanschrift: hüttenwerk
132 1793 495 1851 Gründung: 1921.
132 1828 841 1894 Fabrikationsprogramm: Walzen.
132 1876 772 1935 Geschäftsführer: Dir. Heusel.
132 1915 1294 1977 Bankverbindung: Deutsche Bank u. Disconto-Ges.,
137 1965 385 2020 Heidenheim.
132 2004 850 2073 Postscheck-Konto: 923 Stuttgart.
135 2052 1301 2137 Besondere Angaben: Das Werk Königsbronn bildet
139 2105 1297 2171 einen Teil der Schwäbischen Hüttenwerke G. m. b. H.,
139 2149 453 2210 Wasseralfingen.
135 2178 1297 2259 Firma gehört folgendem Konzern an: Gutehoffnungs-
135 2240 513 2295 hütte Oberhausen.
1977 192 2569 268 Schwade — Schwärzel
1418 1521 2504 1610 Schwäbische Hüttenwerke G. m. b. H.
1423 1596 2051 1679 Werk Wilhelmshütte,
1420 1672 1821 1750 Schussenried.
1423 1748 2330 1821 Fernruf: 202. Drahtanschrift: hüttenwerk
1430 1807 1794 1862 Gründung: 1921.
1425 1837 2580 1901 Fabrikationsprogramm: Obstpressen u. andere Ernte-
1425 1876 2578 1942 Aufbereitungsmaschinen; Häcksel-, Futterschneidmaschi-
1427 1924 2580 1984 nen, Ölkuchenbrecher, Rübenschneider u. ähnl. Futter-
1425 1968 2495 2027 bereitungsmaschinen; Transmissionen u. Teile davon.
1425 2007 2580 2080 Bankverbindung: Kreissparkasse Waldsee, Schussen-
1427 2057 1528 2114 ried.
1425 2084 2147 2153 Postscheck-Konto: 926 Stuttgart.
139 2346 1253 2437 Schwäbische Hüttenwerke G. m. b. H.,
144 2423 602 2511 Wasseralfingen.
139 2488 1182 2559 Fernruf: Aalen 345. Drahtanschrift: hüttenwerk
142 2538 955 2600 Gründung: 1868; seit 1921 G. m. b. H.
142 2566 1306 2641 Fabrikationsprogramm: Maschinenbau: Weichen für die
144 2621 1301 2680 Reichsbahn; Eisenbahnsicherungs-Anlagen mit allem Zu-
142 2664 1301 2721 behör; Radsätze für Eisenbahnfahrzeuge; Schmiedeteile
146 2703 1299 2765 von Hand u. im Gesenk geschmiedet für allg. Maschinen-
144 2747 1301 2806 bau, Waggonbeschlagteile, Kurbelwellen aus Edelstahl
142 2788 1301 2859 für Fahrzeuge; Walzenstühle, Wagenachsen f. landwirt-
144 2829 1301 2891 schaftliche Fahrzeuge; Gas- u. Wasserleitungen. — Ofen-
144 2875 1304 2932 bau: eiseine Zimmer-, irische Dauerbrand-, Blechmantel-,
146 2914 1301 2976 Mantel- u. Rippenöfen; Spezial-Großraumöfen sowie Spe-
144 2948 1306 3017 zialöfen für Gefängniszellen, von außen heizbar; Dauer-
146 2999 1306 3060 brandeinsätze irischen Systems, Wasseralfinger-Siedlungs-
146 3040 1306 3099 herdöfen. — Walzwerk: Qualitäts-Schweißeisen, Schwa-
148 3083 1308 3141 benstahl. — Zieherei — Eisengießerei: Grauguß, Eisen-
146 3125 1308 3191 kunstguß. — Handgeschmiedete Sensen, Schaufeln, Spa-
151 3180 607 3228 ten, Hauen u. Hacken.
148 3212 673 3269 Kapital: RM 2 500 000.—.
151 3241 1313 3312 Anteileigner: Württembergischer Staat und Gutehoff-
148 3301 754 3358 nungshütte, Oberhausen/Rhld.
151 3328 1313 3397 Geschäftsführer: Reg.-Rat Ernst Schöffel, Dr. Karl
155 3381 362 3445 Kazmeyer.
151 3418 962 3480 Prokuristen: Anton Ilg, Gottlob Volz.
158 3464 602 3521 Bankverbindungen:
627 3459 1310 3521 Württembergische Notenbank,
153 3507 1310 3567 Stuttgart; Reichsbank, Deutsche Bank u. Disconto-Ges.,
151 3544 609 3606 Kreissparkasse, Aalen.
153 3594 909 3652 Postscheck-Konto: 27 161 Stuttgart.
153 3635 724 3709 Geschäftsjahr: 1./4.—31./3.
1430 2215 2225 2311 Schwäbische Waagenfabrik
1427 2293 1897 2378 Ing. Karl Buhl,
1425 2369 1863 2458 Eßlingen a. N.
1427 2435 2463 2517 Fernruf: 7531. Drahtanschrift: wagenfabrikbuhl
1427 2504 1794 2559 Gründung: 1927.
1430 2520 2585 2609 Fabrikationsprogramm: Bäckerei- u. Konditorei-Spe-
1430 2572 2582 2641 zialwaagen sowie Waagen aller Art für Handel, Gewerbe
1432 2614 2582 2696 u. Industrie. Spezialität: gewichtslose Laufgewichtsteig-
1432 2664 2021 2721 waage nach eigenem Patent.
1432 2712 1906 2772 Kapital: RM 10 000.—.
1434 2751 1966 2811 Inhaber: Ing. Karl Buhl.
1432 2769 2353 2854 Bankverbindung: Kreissparkasse, Eslingen.
1434 2834 2195 2898 Postscheck-Konto: 13 758 Stuttgart.
1430 2875 2030 2939 Geschäftsjahr: 1./1.—31./12.
1434 2928 2193 3003 Anlagen: Maschinenbau-Werkstätten.
1434 2976 2520 3049 Eigene Vertretung in Berlin: D. Zwerner & Co.,
1439 3033 1590 3093 SW 14.
1434 3143 2014 3232 Schwärzel & Frank
1434 3214 2252 3301 Maschinen- & Apparatebau,
1434 3285 2241 3379 Frankfurt a. M.-Sindlingen,
1434 3361 1844 3448 Farbenstr. 96.
1434 3441 2401 3505 Fernruf: 12 131. Drahtanschrift: rührwerke
1439 3489 1799 3553 Gründung: 1911.
1439 3519 2594 3597 Fabrikationsprogramm: Rührwerksantriebe u. sonstige
1441 3571 2594 3642 Apparate sowie abnormale Armaturen für die chemische
1441 3619 1922 3681 u. verwandte Industrie.
2488 3789 2605 3883 553
