2796 4176
241 220 874 317 Westinghouse — Wetzel
238 373 1406 447 anlagen zu Bochum. Das jetzige Werk Gröppel führt
236 429 1401 491 seinen Ursprung zurück auf das im Jahre 1867 von C.
238 466 1403 531 Lührig gegründete Konstruktionsbüro für die Verwer-
238 515 1401 575 tung eigener Erfindungen u. Verbesserungen für Erz- u.
238 552 1399 621 Kohlenaufbereitung. — Die Firma errichtete 1897 in
238 591 1399 663 Hofstede bei Bochum eine Fabrikationsstätte, die sich in
245 638 1399 705 kurzer Zeit zu einem umfangreichen Werk erweiterte.
238 682 1401 747 Das Werk ist in erster Linie auch heute noch beschäf-
238 721 1401 784 tigt als Spezialfabrik für Aufbereitungsanlagen u. gilt
238 770 1401 823 auf dem Gebiete der Aufbereitungstechnik als eine der
238 802 1399 872 führenden Firmen. — 1921 gründete Gröppel in Ver-
241 846 1401 909 bindung mit der Firma Beer, Sondheimer & Co., Frank-
236 895 1399 953 furt a. M., eine Tochterfirma, die „Ekof“ Erz- u. Kohle-
238 934 1401 990 flotation G. m. b. H., Bochum, die das Gebiet der
243 974 1399 1037 Schwimmaufbereitung bearbeitet u. auf diesem Gebiete
238 1018 1394 1085 auch bemerkenswerte Erfolge zu verzeichnen hat. —
243 1057 1399 1125 Die Arbeitsgebiete, die zunächst nur den heimischen
236 1099 1401 1162 Bergbau betrafen, sind inzwischen weiter ausgebaut
238 1141 1401 1201 worden u. erstrecken sich heute in erster Linie auf
236 1180 1401 1250 Kohle-, Kali-, Erzbergbau, Hüttenindustrie, chemische
236 1229 1401 1285 Industrie. Die weitere Entwicklung wird von der Ge-
238 1273 1160 1331 sellschaft durchaus zuversichtlich beurteilt.
236 1313 1403 1378 Gefolgschaft: 1931 1932 1933 1934 1935 1936
668 1357 1399 1415 1200 800 700 800 1100 1500
245 1354 473 1417 Arbeiter
241 1398 1269 1461 Angestellte 300 200 200 250 350
236 1440 1403 1505 Umsatz (Mill. RM) 9,10 6,0 4,2 6,2 9,7 10,90
236 1475 1401 1538 Zur Ausbildung des Nachwuchses werden Lehrlings-
236 1526 740 1584 werkstätten unterhalten.
1531 399 2181 484 Chr. Traugott Wetzel,
1536 461 2030 554 Geyer (Erzgeb.),
1533 533 2132 617 Silberhüttenstr. 261.
1533 607 2480 679 Fernruf: 55. Drahtanschrift: spindelfabrik
1538 670 1898 726 Gründung: 1823.
1536 705 2693 772 Fabrikationsprogramm: Zubehörteile für Textilmaschi-
1536 751 1844 812 nen. Spindeln.
1536 791 2406 853 Bankverbindung: Stadtgirokasse, Geyer.
1533 832 2269 890 Postscheck-Konto: 99 475 Leipzig.
1536 881 2164 937 Geschäftsjahr: Kalenderjahr.
236 1619 1355 1705 Westinghouse-Bremsen-Ges. m. b. H.,
229 1693 981 1777 Hannover, Goetheplatz 7.
234 1777 1222 1842 Fernruf: 43 116. Drahtanschrift: westinghouse
234 1821 594 1881 Gründung: 1912.
234 1860 1396 1920 Fabrikationsprogramm: Druckluftbremsen für Eisen-
238 1902 1308 1971 bahnen, Triebwagen u. Autolastzüge. Kettentriebe.
241 1946 705 2006 Kapital: RM 960 000.—
236 1985 1250 2046 Geschäftsführer: R. H. Stolle, W. v. Witzleben.
234 2027 976 2088 Prokuristen: C. Neuber, K. Heine.
234 2071 1176 2132 Bankverbindung: Dresdner Bank, Hannover.
234 2113 1013 2176 Postscheck-Konto: 26 441 Hannover.
234 2162 865 2217 Geschäftsjahr: Kalenderjahr.
232 2222 1246 2282 Grundbesitz: 21 676 qm, davon 4000 qm bebaut.
234 2266 1366 2324 Anlagen: Dreherei, Schlosserei u. Montagewerkstätten.
234 2310 1234 2368 Eigene Vertretung in Berlin: W. v. Witzleben.
232 2345 1396 2408 Tochtergesellschaft: Westinghouse-Bremsen Ges. m. b.
232 2391 1023 2454 H. Abt. Kettentriebe, Gronau in Hann.
1531 985 1942 1064 Gebr. Wetzel
1536 1062 2447 1141 Transmissionen & Getriebebau,
1531 1129 2691 1215 Leipzig W 31, Markranstädter Str. 37/39.
1533 1213 2473 1285 Fernruf: 44 421. Drahtanschrift: gebwetzel
1531 1259 1895 1324 Gründung: 1886.
1536 1299 2693 1371 Fabrikationsprogramm: Zahnradgetriebe und Trans-
1533 1350 1747 1401 missionen.
1536 1380 2380 1447 Geschäftsführer: Hugo u. Kurt Wetzel.
1533 1431 2376 1489 Prokuristen: Otto Berger, Erich Singer.
1533 1475 2689 1542 Bankverbindungen: Sächs. Bank, Stadt- u. Girobank,
1536 1514 1705 1575 Leipzig.
1531 1554 2190 1612 Postscheck-Konto: 24 Leipzig.
1533 1600 2167 1661 Geschäftsjahr: Kalenderjahr.
1533 1665 2536 1728 Grundbesitz: 10 190 qm, davon 4046 qm bebaut.
1531 1707 2691 1772 Anlagen: Maschinenbau-Werkstätten; Modelltischlerei;
1529 1746 2631 1811 Schmiede. Eigene Kraftzentrale. Verwaltungsgebäude.
1531 1791 2589 1858 Eigene Vertretung in Berlin: Karl Hayn, SW 61,
1536 1832 2148 1895 Vorkstr. 20; Fernruf: 19 01 53
1531 1874 2689 1932 Besondere Angaben: Das Unternehmen war dem Trieb-
1533 1918 2686 1976 werkbau gewidmet. Dem Fortschritt der Technik Folge
1529 1958 2686 2025 leistend, ging die Firma auf die Herstellung von Zahn-
1533 2002 2689 2060 radgetrieben über. Das Werk befindet sich in steter
1531 2039 1918 2101 Weiterentwicklung
1531 2083 2691 2159 Gefolgschaft: 280 Arbeiter u. Angestellte (davon 39
1529 2134 1761 2190 Lehrlinge).
232 2487 1297 2570 Wetzel Maschinenfabrik und Eisen-
225 2558 821 2640 gießerei G. m. b. H.,
225 2633 633 2712 Aschersleben.
227 2702 1285 2784 Fernruf: 2744. Drahtanschrift: maschinenwetzel
229 2763 591 2823 Gründung: 1932.
229 2807 1396 2862 Fabrikationsprogramm: Schnellverseil-, Korbverseil-
232 2848 1396 2916 u. Seilschlagmaschinen; automatische Spulapparate für
227 2883 710 2951 die Drahtseil-Industrie.
227 2934 703 2992 Kapital: RM 20 000.—
229 2971 1394 3039 Anteileigner: Ascherslebener Bank, v. Kessel & Co.,
227 3016 1146 3071 K.-G., Werner Goethe, Ing. Gustav Wetzel.
232 3064 1301 3113 Geschäftsführer: Werner Goethe, Gustav Wetzel.
229 3104 1396 3162 Bankverbindung: Ascherslebener Bank, von Kessel &
232 3148 839 3203 Co., Kom.-Ges., Aschersleben.
227 3185 1041 3241 Postscheck-Konto: 20 166 Magdeburg.
227 3229 830 3292 Geschäftsjahr: 1./1.—31./12.
229 3268 1399 3333 Anlagen: Mechanische Werkstätten mit den erforder-
229 3319 693 3382 lichen Nebenbetrieben.
229 3359 1396 3426 Eigene Vertretung in Berlin: Obering. Adolf Hils, W,
229 3403 714 3463 Nollendorfer Str. 29/30
227 3445 1396 3512 Eigene Vertretungen im Ausland: Wien, Milano,
229 3493 392 3547 Brüssel.
227 3531 1396 3591 Besondere Angaben: Das Unternehmen wurde als Fort-
227 3575 1396 3635 führungsgesellschaft der Firma Hans Wetzel Maschinen-
227 3614 1236 3677 fabrik u. Eisengießerei, Aschersleben, gegründet.
225 3660 1327 3739 Gefolgschaft: 40 Arbeiter, Angestellte u. Lehrlinge.
1529 2243 1921 2324 Karl Wetzel,
1524 2310 2563 2403 Maschinenfabrik und Eisengießerei,
1526 2389 2570 2468 Gera/Thür., Karl-Wetzelstraße 3/4.
1529 2468 2485 2533 Fernruf: 3655/3657. Drahtanschrift: wetzels
1529 2524 1893 2577 Gründung: 1877.
1529 2561 2689 2619 Fabrikationsprogramm: Horizontal-Bohr- u. Fräswerke.
1529 2600 2686 2661 Inhaber: Dr. ing. h. c. Rud. Wetzel, Karl Freih. v.
1526 2644 2292 2702 Zwierlein, Stamm Karl Wilh. Wetzel.
1529 2679 2689 2749 Geschäftsleiter: Dr. ing. Rud. Wetzel, Karl Freih. v.
1529 2730 1728 2788 Zwierlein,
1529 2767 2691 2830 Prokuristen: Richard Beyer, Hans von Zwierlein, Fritz
1526 2814 1691 2869 Kröber.
1526 2851 2580 2920 Bankverbindung: Thüringische Staatsbank, Gera.
1529 2904 2266 2955 Postscheck-Konto: 24 627 Leipzig.
1526 2946 2127 3006 Geschäftsjahr: 1./1.—31./12.
1524 3002 2587 3060 Grundbesitz: 18 298 qm, davon 15 798 qm bebaut.
1529 3050 2429 3111 Anlagen: Maschinenfabrik u. Eisengießerei.
1526 3090 2686 3155 Eigene Vertretung in Berlin: Körding & Raetsch,
1526 3129 1670 3187 SW 61.
1524 3166 2598 3234 Eigene Vertretungen im Ausland: Auf Anfrage
1529 3210 2679 3275 Tochtergesellschaft: Werkzeugmaschinenfabrik „Union“
1526 3264 1740 3315 Chemnitz.
1524 3357 1923 3442 Kurt Wetzel,
1522 3426 1969 3519 Zwickau (Sa.),
1522 3500 2475 3591 Auß. Schneeberger Straße 52/56.
1522 3582 1844 3637 Fernruf: 7878.
1526 3626 1888 3684 Gründung: 1932.
1524 3670 2686 3751 Fabrikationsprogramm: Reduzierventile für Dampt,
218 3837 336 3923 640
