2796 4124
77 394 451 455 August Broemel
77 435 799 508 siehe Arnstädter Waagenfabrik
77 572 671 659 Brown, Boveri & Cie
80 639 625 730 Aktiengesellschaft,
77 710 983 795 Mannheim 2, Schließfach 1040.
75 806 1237 877 Fernruf: 54 071 u. 51 671. Drahtanschrift: brownboveri
80 854 423 916 Gründung: 1900.
77 895 1237 957 Fabrikationsprogramm: Elektrische Motoren normaler
82 943 1235 998 Ausführung; Spezial-Motoren für industrielle, gewerbliche
77 982 1232 1040 u. landwirtschaftliche Zwecke; Antriebe für Textilmaschi-
77 1028 1232 1079 nen, Holzschleifer, Papiermaschinen, Glas- und Spiegel-
80 1072 1235 1127 fabriken, Zementfabriken, Mühlen, Druckereien, Pumpen-
77 1108 1230 1170 gebläse, Kompressoren, Zentrifugen, Hebezeuge, Aufzüge,
80 1152 1230 1209 Krane, chemische Fabriken, Bergwerke, Hüttenwerke,
77 1189 1232 1248 Walzwerke mit allen Hilfsmaschinen; Fördermaschinen.
77 1234 1232 1292 Elektrische Generatoren für Dampfmaschinen, Diesel-
77 1273 1232 1331 motoren, Wasser- und Dampfturbinen. Umformer, Regu-
77 1319 1232 1370 lieraggregate und Phasenkompensatoren, Quecksilber-
75 1356 1232 1411 dampf-Großgleichrichter. Straßenbahnmotoren und elek-
80 1402 1235 1461 trische Lokomotivausrüstungen für Voll-, Klein-, Gruben-
80 1447 1235 1500 und Industriebahnen; Streckenausrüstungen. Transforma-
75 1489 1230 1539 toren, Induktionsregler und Regeltransformatoren; elek-
77 1530 1232 1578 trische Schalt-, Anlaß- u. Regelgeräte (Druckluft- Was-
77 1569 1232 1624 ser- u. Ölschalter, Anlasser u. Anlaßwiderstände, Steuer-
75 1610 1230 1663 schalter, Bremsmagnete, Schnellregler, Relais); Steuer-
77 1654 1232 1713 geräte für industrielle Sonderzwecke. Schaltanlagen, Bau
77 1697 1228 1754 vollständiger Kraft- und Umspannwerke. Veloxdampf-
77 1741 1228 1793 erzeuger; Dampfturbinen; Turbogebläse u. Kompressoren;
77 1777 1232 1832 Kondensationsanlagen für Dampfturbinen. Kältemaschi-
80 1823 1063 1876 nen u. Kühlanlagen. Elektro-Heißwasserspeicher.
77 1862 582 1917 Kapital: RM 12 000 000.-
82 1901 1230 1958 Großaktionär: Die Aktienmehrheit wird seit Jahren von
77 1942 1232 2002 deutschen Banken unter Führung der Reichs-Kredit-An-
77 1984 708 2045 stalt A.-G., Berlin, kontrolliert.
77 2025 1230 2082 Vorstand: Dir. Dr. jur. et rer. pol. Hans Leonhard Ham-
77 2071 1228 2123 merbacher, Mannheim; Dir. Oberbaurat Friedrich Schlem-
77 2110 1226 2165 mer, Heidelberg-Schlierbach; Dir. Dr. ing. e. h. Karl
77 2151 1228 2213 Schnetzler, Heidelberg; Dir. Ernst Siegfried, Saarbrücken.
77 2192 1226 2256 Aufsichtsrat: Vors.: Franz Belitz, München; Stellv.: H.
77 2238 1228 2293 A. Naville, Präsident des Verwaltungsrates der Aktien-
77 2279 1125 2334 gesellschaft Brown, Boveri & Cie. in Baden/Aargau.
77 2323 1230 2378 Bankverbindungen: Mit einer Reihe von Groß- u. wich-
80 2359 1228 2423 tiger Regionalbanken an den Plätzen der Gesellschaft
84 2398 705 2460 bzw. der Tochtergesellschaften.
77 2444 1235 2515 Postscheck-Konten: 16 520 Karlsruhe; 15 500 Ludwigs-
77 2481 265 2545 hafen/Rh.
80 2529 669 2591 Geschäftsjahr: 1./1.—31./12.
80 2563 1232 2627 Vertrag: Ein bis zum Jahre 1945 laufender, erstmalig
80 2609 1226 2673 1942 kündbarer Vertrag mit der Aktiengesellschaft Brown,
80 2650 1228 2710 Boveri & Cie., Baden/Aargau, sichert der Gesellschaft
77 2692 1226 2751 für Deutschland das Recht, sich gegen Zahlung einer
77 2735 1228 2795 jährlich unerheblichen Grundgebühr und einer Umsatz-
77 2781 1228 2836 vergütung sämtliche Erfindungen, Tatente, Konstruktio-
77 2820 1230 2882 nen, Verfahren und Erfahrungen des schweizerischen
77 2857 1228 2921 Unternehmens zunutze zu machen und hält sämtliche zu
77 2905 1228 2962 dem schweizerischen Konzern im Lizenzverhältnis stehen-
75 2946 1228 3012 den ausländischen Werke vom deutschen Markte fern;
75 2980 1223 3047 bei Auflösung des Vertragsverhältnisses steht der Gesell-
75 3031 1226 3093 schaft noch auf weitere zehn Jahre das Nutzungsrecht
77 3067 1223 3131 für sämtliche Patente und Konstruktionen in dem im
77 3106 1228 3173 Vertrag vorgesehenen Umfang und unter den bei Ablauf
71 3152 614 3221 geltenden Bedingungen zu.
71 3214 1230 3280 Grundbesitz: 313 461 qm, davon 113 883 qm bebaut; ge-
73 3264 499 3328 pachtet sind 8425 qm.
73 3310 1230 3374 Anlagen: Werk Mannheim-Käfertal: Zentralverwaltungs-
77 3358 1226 3416 gebäude; Maschinen- und Dampfturbinenbau; Versuchs-
73 3393 1226 3457 anlagen: eine mit wissenschaftlichen Hilfsmitteln aus-
73 3436 1228 3505 gerüstete chem.-physikalische Werkstoffprüfstelle. Gleis-
82 3482 1221 3539 anschluß. — Werk Groß-Auheim: Apparatefabrik. —
77 3516 1228 3590 Werk Lampertsheim: Eisengroßbauwerkstätten. — Werk
80 3558 1223 3626 Dortmund: Werkstatthallen mit Kranen- und Förderein-
80 3603 1223 3665 richtungen. — Werk Saarbrücken: Eisenbetonstockwerks-
73 3642 1226 3718 bauten, die auf das Neuzeitlichste ausgestattet sind, so-
1365 394 2530 446 wie ein großer Shedbau u. Bürogebäude. Neuzeitlich ein-
1365 426 2527 492 gerichtete Gießerei, Schmelzöfen. Gleisanschluß. — Ge-
1368 471 2523 538 schäftsgebäude: Mannheim-Stadt. — Technische Büros u.
1363 515 2527 575 Installationsabteilungen: in Berlin, Essen, Frankfurt a. M.
1368 556 2527 616 und München; außerdem in gemieteten Räumen noch in
1368 602 2525 662 Augsburg, Beuthen, Bremen, Breslau, Chemnitz, Danzig,
1365 641 2527 701 Dortmund, Dresden, Duisburg, Düsseldorf, Erfurt, Frei-
1365 682 2527 746 burg i. Br., Hagen i. W., Hamburg, Hannover, Kaisers-
1365 721 2525 785 lautern, Karlsruhe, Kassel, Köln a. Rh., Königsberg,
1368 765 2527 827 Leipzig, Magdeburg, Münster, Nürnberg, Pirmasens, Saar-
1365 804 2523 870 brücken, Siegen, Stettin, Stuttgart, Ulm, Waldenburg/
1368 852 1886 907 Schl. und Wilhelmshaven.
1368 895 2388 950 Eigene Vertretungen im Ausland: Auf Anfrage.
1368 934 2523 998 Tochtergesellschaften: IsolationA.-G., Mannheim (100 %).
1363 973 2525 1033 Zweck: Ziehen u. Isolieren von Drähten, Herstellung von
1363 1012 2525 1074 blankgezogenem Handelseisen, Profilen, Turbinenschaufel-
1363 1056 2527 1115 stäben in Eisen u. Stahl. — Gußwerke A.-G., Franken-
1363 1095 2523 1159 thal/Pfalz (100%). Herstellung u. Vertrieb von Eisen- u.
1365 1140 2520 1207 Metallguß. — H. Römmler A.-G., Berlin-Spremberg (59%).
1363 1179 2523 1239 Herstellung von Kunstharzen, Lacken und Kunstharz-
1363 1228 2525 1285 schnellpreßmassen für die elektrotechnische, Radio- und
1363 1269 2525 1324 sonstige Apparate bauende Industrie. — Audiffren-Sin-
1361 1310 2525 1365 grün-Kälte-Maschinen A.-G., Basel (100%). Verkauf von
1363 1354 2525 1406 Kältemaschinen, Bau von Kühlschränken. — Stotz-Kon-
1363 1395 2525 1452 takt G. m. b. H., Mannheim-Neckarau (100%). Herstel-
1363 1429 2525 1493 lung von elektrischen Apparaten, Armaturen und Mate-
1361 1480 2523 1535 rialien. — Gleichrichter G. m. b. H., Berlin (100%). Her-
1363 1521 2525 1578 stellung von Quecksilberdampfgleichrichtern, Glasgleich-
1368 1560 2520 1622 richteranlagen. — Rheinische Draht- u. Kabelwerke G. m.
1368 1599 2525 1658 b. H., Köln-Riehl (90%). Herstellung isolierter Leitungen,
1361 1645 2525 1702 Starkstromkabel. — Internationale Ljungströmturbinen-
1363 1683 1922 1741 Union A.-G., Basel (12⅓%).
1361 1729 2527 1784 Sonstige Beteiligungen: Turbinia Patentverwertungs-
1368 1768 2520 1832 G. m. b. H., Mannheim (100%). — Kraftanlagen A.-G.,
1361 1807 2520 1876 Heidelberg. — Bayerische Brown Boveri G. m. b. H.,
1368 1851 2523 1906 München (100%). — Kühlautomat G. m. b. H., Mann-
1363 1892 2525 1956 heim. — Papierfabrik Rothfest, Betriebs-G. m. b. H., Roth-
1363 1940 1457 1997 fest.
1359 1972 2523 2036 Besondere Angaben: 1924 erfolgte die Einbringung der
1363 2023 2525 2078 Abteilung Kleinmotorenbau in die Saar Brown Boveri
1361 2064 2523 2119 A.-G., Saarbrücken. — 1927 erwarb die Gesellschaft die
1361 2105 2523 2169 Fabrikgrundstücke der Fahrzeugfabrik G. m. b. H. in
1359 2149 2523 2204 Groß-Auheim. — 1934: Im Zuge des Arbeitsbeschaffungs-
1359 2190 2523 2252 programms wurden in Käfertal, Groß-Auheim und Dort-
1361 2236 2520 2288 mund Werkstätten, Neu- und Erweiterungsbauten aus-
1359 2275 2523 2332 geführt. — 1935: Am 31. Dezember wurde die Saar Brown
1359 2314 2523 2378 Boveri A.-G., Saarbrücken, als selbständige Gesellschaft
1356 2357 1563 2412 aufgelöst.
1359 2407 2525 2469 Gefolgschaft: 1931 1932 1933 1934 1935 1936
1363 2449 1661 2511 BBC allein
1776 2453 2523 2504 4200 3100 3400 4900 6700 7500
1359 2492 2523 2550 einschl. Tochterges. 6800 5000 5800 7800 9500 10500
1361 2529 2145 2598 Umsatz (Mill. RM) 51,9 33.6 31,7
1359 2568 2520 2632 Die Gesellschaft ließ dem Auslandsgeschäft ihre be-
1361 2614 2523 2678 sondere Pflege angedeihen; es ist gelungen, trotz den be-
1359 2662 2520 2724 stehenden Schwierigkeiten die Exportumsätze um 25% zu
1359 2703 2518 2765 erhöhen (einschl. Tochtergesellschaften). — In das neue
1356 2740 2520 2813 Geschäftsjahr konnte das Unternehmen einen erhöhten
1359 2788 1954 2852 Auftragsbestand übernehmen.
1984 229 2527 320 Broemel — Brücher
1354 2941 1636 3005 Bruderhans
1359 3001 1876 3065 siehe Maschinenfabrik
1356 3138 2025 3216 Ludwig Brücher & Co.,
1354 3214 2142 3292 Radevormwald, Wiesenstr.
1356 3308 2195 3372 Fernruf: 157. Drahtanschrift: brücher
1361 3358 2518 3409 Gründung: 1919. Handelsger. eingetr. offene Handels-
1359 3393 1613 3457 gesellschaft.
1359 3432 2518 3500 Fabrikationsprogramm: Etikettiermaschinen, Werk-
1361 3487 1666 3539 zeugmaschinen.
1359 3512 2520 3583 Gesellschafter: Ludwig Bücher, Walter Maskendahl,
1359 3564 1673 3626 Radevormwald.
1359 3608 2452 3684 Bankverbindung: Städt. Sparkasse, Radevormwald.
1361 3652 2039 3734 Postscheck-Konto: 78 428 Köln.
2440 3830 2523 3913 91
