2796 4176
252 245 728 327 Bischoff — Blank
250 394 1095 480 Gustav Bischoff G. m. b. H.,
250 463 1118 554 Berlin N 65, Tegeler Str. 15.
250 547 1241 628 Fernruf: 46 14 11/12. Drahtanschrift: oxygen
257 607 619 663 Gründung: 1904.
255 624 1415 705 Fabrikationsprogramm: Autogene Geräte u. Zubehör.
257 679 1188 751 Sauerstoff-Apparate für medizinische Zwecke.
255 719 1415 788 Bankverbindungen: Dresdner Bank, Preuß. Staatsbank,
255 770 1099 830 Commerz- u. Privat-Bank A.-G., Berlin.
1366 774 1410 851 x
252 812 972 874 Postscheck-Konto: 11 622 Berlin.
252 953 805 1030 Bissingen Masch.-Fabr.
255 1018 786 1076 siehe Maschinenfabrik
262 1153 645 1234 Wilh. Bitter,
259 1213 1252 1310 Bielefeld, Jöllenbecker Str. 21/23.
262 1320 1262 1389 Fernruf: 4464/65. Drahtanschrift: metallbitter
264 1371 923 1429 Gründung: 1862; eingetr. 1872.
264 1405 1429 1470 Fabrikationsprogramm: Grauguß-, Stahlguß- u. Metall-
264 1447 1424 1521 Armaturen für Dampf-, Gas-, Wasser-, Preßluftleitungen.
266 1491 1429 1556 Apparate für pharmazeutische Laboratorium u. chem.
264 1545 464 1600 Fabriken.
264 1582 740 1640 Inhaber: Wilh. Bitter.
266 1610 1429 1681 Prokuristen: Friedr. Wilh. Spiekerkötter, Carl Kobusch.
266 1658 1431 1735 Bankverbindungen: Reichsbankstelle, Deutsche Bank
273 1705 835 1770 u. Disconto-Ges., Bielefeld.
266 1739 1018 1809 Postscheck-Konto: 1383 Hannover.
266 1791 870 1851 Geschäftsjahr: 1./1.—31./12.
266 1839 1243 1911 Grundbesitz: 7600 qm, davon 3500 qm bebaut.
269 1890 1433 1955 Anlagen: Armaturenfabrik, Apparatefabrik u. Metall-
271 1946 452 2002 gießerei.
271 1971 1433 2041 Besondere Angaben: Die Firma wurde von dem Vater
271 2013 1433 2081 des jetzigen alleinigen Besitzers gegründet. Aus dem
271 2055 1433 2129 Zinngießerei-Handwerk hervorgegangen, erfolgte die
273 2101 1433 2173 Gründung zum Zweck der Herstellung von Destillier- u.
273 2141 1433 2215 Abdampfapparaten für Apotheken-Laboratorien, die
273 2187 1436 2248 seiner Zeit in größerem Maße Zinnarbeiten aufwiesen.
273 2227 1433 2289 Wenige Jahre später wurde der Betrieb auf die Anferti-
273 2271 1436 2340 gung von Metallarmaturen ausgedehnt, welcher Zweig
273 2315 1438 2380 sich im Laufe der Jahre zu der jetzigen Bedeutung u.
273 2357 965 2422 Qualitäts-Leistung entwickelt hat.
273 2389 1440 2466 Die Lehrlingsausbildung wird stets durch möglichst viel-
276 2440 1436 2500 seitige u. gewissenhafte Ausbildung u. Fürsorge gepflegt.
273 2484 1438 2538 Gefolgschaft: Unter den 304 Gefolgschaftsmitgliedern
276 2524 1308 2603 befinden sich 42 Jubilare von 25—45 Dienstjahren.
1540 380 2547 468 BKS Handelsgesellschaft m. b. H.,
1549 454 1986 533 Velbert/Rheinl.
1547 535 2505 600 Fernruf: 2112—2116. Drahtanschrift: bekas
1547 584 2355 642 Gründung: 1903; seit 1933 G. m. b. H.
1547 621 2707 684 Fabrikationsprogramm: BKS-Flaschenzüge u. Zughub-
1549 665 2705 723 Schlösser aller Art; Zylinderschlösser auf Haupt- u. Ge-
1547 707 2508 770 neralhauptschlüssel eingerichtet; Türschließer.
1549 754 1995 812 Kapital: RM 20 000.-
1552 781 2710 853 Anteileigner: The Vale & Towne Mfg. Co., Velbert/
1547 842 1770 897 Rheinland.
1547 869 2710 948 Geschäftsführer: Carl Bremshey sen., Carl Bremshey
1554 923 1638 983 jun.
1549 946 2712 1023 Bankverbindungen: Reichsbank, Deutsche Bank u. Dis-
1552 1009 1960 1062 conto-Ges., Velbert.
1552 1039 2246 1108 Postscheck-Konto: 37 768 Köln.
1549 1085 2183 1148 Geschäftsjahr: Kalenderjahr.
1552 1143 2714 1215 Grundbesitz: 338 962 qm, davon 26 088 qm bebaut; ge-
1552 1194 2146 1255 samte Nutzfläche: 50 166 qm.
1559 1227 2717 1294 Anlagen: Mechan. Werkstätten; Eisengießerei; Schlei-
1554 1273 2714 1334 ferei; Galvanisieranstalt; Lackier- u. Trockenöfenanlagen.
1559 1315 2714 1380 Eigene Vertretung in Berlin: BKS Handelsgesellschaft
1561 1354 2543 1417 Velbert, Zweigniederlassung, S 42, Ritterstr. 25
1556 1396 2717 1461 Besondere Angaben: Die Vorgängerin der BKS Han-
1556 1438 2712 1501 delsgesellschaft m. b. H., Velbert, war die 1903 gegrün-
1559 1482 2710 1542 dete Fa. „Rhein. Türschließerfabrik Boge & Kasten“
1559 1526 2710 1593 Solingen, die von der Fa. „The Vale & Towne Mfg. Co.“
1559 1559 2717 1628 Stamford, 1928 erworben, mit ihrem eigenen Werk u. mit
1559 1603 2717 1672 der Fa. Damm & Ladwig, Velbert zu dem größten Werk
1559 1651 2717 1716 der Baubeschlagbranche verschmolzen wurde. Die Fa.
1561 1691 2717 1765 ging dann daran, nahezu das ganze Exportgeschäft von
1561 1735 2717 1797 dem amerikanischen Werk auf das deutsche Werk zu
1561 1772 2719 1837 übertragen. Ungefähr % der Gesamtproduktion wird
1561 1816 2719 1881 heute exportiert, während das restliche Drittel auf dem
1563 1865 2130 1925 Inlandsmarkt Absatz findet.
1561 1900 2724 1967 Die Umsatzentwicklung ist in den letzten 4 Jahren eine
1566 1951 1932 2016 ständig steigende
1563 1983 2724 2048 Gefolgschaft: 1400 Mann. In der Fabrik sowie in der
1563 2027 2721 2094 kaufm. Abteilung werden seit Jahren Lehrlinge aus-
1563 2081 1754 2139 gebildet.
276 2677 1023 2774 BIZERBA Waagenfabrik
283 2753 946 2835 Wilhelm Kraut K.-G.,
280 2825 853 2906 Balingen (Württ.).
278 2904 1141 2985 Fernruf: 345/7. Drahtanschrift: bizerba
283 2971 960 3029 Gründung: 1866; seit 1937 K.-G.
283 2999 1447 3076 Fabrikationsprogramm: Bizerba, halb- u. vollauto-
283 3048 1443 3120 matische Schnellwaagen vom kleinsten Wiegebereich bis
280 3097 1445 3159 50 000 kg, stationär u. fahrbar, für jede Branche u. für
283 3138 1445 3208 jedes Wiegebedürfnis. — Aufschnittmaschinen. Kaffee-
283 3185 740 3245 mühlen. Fleischwölfe.
283 3222 784 3287 Kapital: RM 600 000.—.
285 3261 1452 3333 Komplementär und Geschäftsführer: Wilhelm Kraut
285 3315 1109 3370 sen., Wilhelm Kraut jun., Erwin Kraut.
283 3343 1447 3415 Bankverbindungen: Deutsche Bank u. Disconto-Ges.,
285 3396 1250 3456 Reichsbank, Ebingen; Kreissparkasse, Balingen.
283 3440 1020 3498 Postscheck-Konto: 3393 Stuttgart.
283 3486 895 3544 Geschäftsjahr: 1./1.—31./12.
287 3533 1452 3609 Anlagen: Mechanische Werkstätten mit den erforder-
285 3591 751 3647 lichen Nebenbetrieben.
287 3628 935 3691 Eigene Vertretung: In Berlin.
285 3670 1331 3751 Eigene Vertretungen im Ausland: Auf Anfrage.
1566 2197 2482 2292 Hans Blache Maschinenfabrik,
1566 2271 2557 2357 Berlin-Neukölln, Hobrechtstr. 67.
1568 2347 2654 2436 Fernruf: 60 06 18. Drahtanschrift: hablamaschinen
1570 2412 1935 2468 Gründung: 1928.
1570 2440 2726 2512 Fabrikationsprogramm: Maschinen für die Batteriefabri-
1570 2487 2724 2552 kation. Maschinen zur Herstellung von Spulenkernen aus
1573 2528 2726 2591 Eisenpulver. Spezialität: Tablettier-Maschinen für die
1573 2579 1976 2637 Kunstharzindustrie.
1573 2621 2058 2679 Inhaber: Hans Blache.
1573 2649 2731 2719 Bankverbindung: Deutsche Bank u. Disconto-Ges., Berlin.
1575 2702 2280 2767 Postscheck-Konto: 46 068 Berlin.
1570 2739 2181 2804 Geschäftsjahr: 1./1.—31./12.
1573 2800 2733 2869 Anlagen: kaufm. Büro; Fabrikationsräume, Lagerraum
1575 2851 2127 2911 mit Vorführungsmaschinen.
1575 2886 2733 2955 Besondere Angaben: 40 % vom Gesamtumsatz entfielen
1582 2941 2016 2997 1936 auf den Export.
1575 2969 2731 3046 Gefolgschaft: Im Durchschnitt 20 Arbeiter, 6 Ange-
1575 3025 2037 3083 stellte u. 3 Lehrlinge.
1575 3143 2116 3231 Blank & Flemmig
1577 3213 2431 3305 Industrieofenbau, Boye-Ofen,
1575 3289 2116 3375 Berlin-Karlshorst,
1575 3354 2357 3442 Ehem. Flugplatz Halle 26.
1580 3440 2547 3514 Fernruf: 50 14 34. Drahtanschrift: ofenboye
1582 3498 1942 3551 Gründung: 1932.
1582 3526 2401 3593 Fabrikationsprogramm: Industrieöfen.
1580 3575 2445 3640 Inhaber: Arthur Blank, Heinz Flemming.
1582 3616 2536 3681 Bankverbindung: Berliner Stadtbank, Berlin.
1580 3663 2285 3742 Postscheck-Konto: 89 405 Berlin.
285 3851 371 3930 72
