2796 4124
82 382 1239 444 zialmaschinen zum Bearbeiten von Radreifen u. Rädern
80 426 1235 492 für Eisenbahnzwecke; Rachenlehren-Schleif- u. Polier-
82 469 710 526 maschinen; Preßluftwerkzeuge.
82 510 605 568 Kapital: RM 3 100 000.—
82 538 1239 614 Vorstand: Wilhelm Limberg, Berlin-Dahlem; Friedr.
87 591 724 650 Wilh. Eckert, Berlin-Weißensee
82 636 1237 691 Prokuristen: Ludwig Finck, Berlin-Weißensee; Alfred
87 675 1235 733 E. Peters, Chemnitz; Gustav Schmidt, Berlin-Weißensee;
82 717 829 772 Wilhelm Strohn, Berlin-Wilmersdorf.
80 760 1237 822 Aufsichtsrat: Vors.: Dr. jur. Herm. Fischer; Stellv.:
82 804 563 859 Max H. Schmid, Berlin.
80 840 1232 900 Bankverbindungen: Deutsche Bank u. Disconto-Ges.,
80 886 1232 950 Commerz- u. Privat-Bank A.-G., Reichsbank, Berlin u.
77 918 275 985 Chemnitz.
80 957 1111 1026 Postscheck-Konto: 1084 Berlin u. 18 336 Leipzig.
80 1014 689 1076 Geschäftsjahr: Kalenderjahr.
77 1072 1129 1136 Grundbesitz: 123 138 qm, davon 32 929 qm bebaut.
82 1124 1232 1173 Anlagen: 1. Berlin-Weißensee: 120 m lange Montage-
82 1159 1232 1218 halle, größere Werkstätten, Motorenstation zur Strom-
82 1195 1230 1262 u. Gaserzeugung unter Verwendung der Abwärme für die
80 1241 1232 1301 Fabrikheizung, Härterei, Schmiede, Tischlerei, zahlreiche
77 1285 1228 1347 Lagerschuppen und -räume, ein größeres Lagergebäude,
80 1328 1230 1381 Holzlagerhalle; Verwaltungsgebäude. Dem Betrieb die-
80 1372 1230 1429 nen eine größere Anzahl elektrisch betriebener Lauf- u.
80 1413 1230 1468 Drehkräne, diverse Lastenaufzüge, ca. 500 Bearbeitungs-
80 1459 1228 1514 maschinen u. umfangreiche Spezialeinrichtungen. Außer-
80 1496 1230 1551 dem an das Fabrikgelände angrenzend 8 Werkswohn-
82 1535 224 1590 häuser.
80 1578 1230 1640 2. Siegmar-Schönau bei Chemnitz: ca. 300 Arbeitsmaschi-
80 1622 1230 1677 nen, 12 elektrische Laufkräne, drei elektrische Lasten-
77 1663 1230 1718 aufzüge und eine Anzahl Laufkräne für Handbetrieb.
80 1700 1228 1761 Die Fabrik besitzt elektrischen Gruppenantrieb. Der Be-
80 1745 1230 1805 trieb liegt zur Zeit still. — Beide Werke haben eine
77 1784 1045 1844 Tiefbrunnenanlage und eigenen Gleisanschluß.
82 1828 1230 1887 Besondere Angaben: Das ursprünglich in Berlin-Ober-
80 1869 1226 1938 schöneweide gelegene Werk wurde 1920 nach Berlin-
77 1906 1228 1970 Weißensee verlegt. — 1929 übernahm die Gesellschaft
77 1952 1226 2011 die Konstruktionen von Werkzeugmaschinen der Sonder-
80 2000 1228 2052 mann & Stier A.-G., Chemnitz, ferner die Konstruktio-
84 2039 1223 2094 nen und die Fabrikationsrechte der Max Hasse & Comp.
80 2080 1226 2142 A.-G., während die beiden abgebenden Gesellschaften
75 2119 1226 2176 ihre Fabrikationsbetriebe einstellten. Im gleichen Jahre
77 2162 1223 2222 erfolgte die Fusion mit der Reiß & Martin A.-G., Berlin.
80 2204 1221 2265 — 1930 Übernahme der Hermann u. Alfred Escher A.-G.,
75 2242 1223 2307 Chemnitz. — Gegenwärtig betreibt die Gesellschaft zwei
77 2279 1221 2350 Fabriken, die eine in Berlin-Weißensee, die andere in
77 2327 1221 2396 Siegmar-Schönau bei Chemnitz. — Die Verteilung der
80 2373 1223 2428 Arbeiten zwischen den Werken Berlin-Weißensee und
75 2417 1221 2469 Siegmar-Schönau bei Chemnitz erfolgt derart, daß Wei-
77 2453 1223 2513 ßensee speziell den Bau von Karusseldrehbänken, Zahn-
77 2495 1221 2556 räderschleifmaschinen, Radreifenausbohrbänken, Räder-
77 2536 1223 2598 fräsmaschinen, Flächenschleifmaschinen und Preßluft-
77 2579 1221 2639 werkzeugen ausführt; Siegmar-Schönau mit der Her-
77 2618 1223 2682 stellung von Horizontal-Bohrwerken und Hochleistungs-
75 2657 616 2719 drehbänken beschäftigt ist.
77 2698 1223 2763 Beide Werke unterhalten gut eingerichtete Umschulungs-
77 2747 1223 2804 und Lehrlings-Werkstätten zur Heranbildung des not-
77 2785 813 2847 wendigen Facharbeiter-Nachwuchses.
77 2824 1148 2891 Der Umsatz betrug im Jahre 1936: RM 15 000 000.—
75 2873 1226 2930 Gefolgschaft: 1930 1931 1932 1933 1934 1935 1936
84 2914 302 2978 insgesamt
410 2914 1219 2987 850 1350 1000 700 900 1400 1900
1370 394 2028 449 Eigene Vertretung: In Berlin.
1370 428 2362 488 Eigene Vertretung im Ausland: Auf Anfrage.
1370 476 2530 531 Besondere Angaben: Vom Gesamtumsatz 1936 entfielen
1370 517 1810 581 25% auf den Export.
1457 226 2530 311 Deutsche Patent — Deutsche Rotawerke
1361 694 2284 783 Deutsche Post- und Eisenbahn-
1368 765 2502 861 Verkehrswesen A.-G., (Dapag-Efubag),
1361 840 1824 916 Berlin-Staaken.
1363 916 2468 989 Fernruf: 37 71 21/22. Drahtanschrift: dapagefubag
1368 969 1728 1031 Gründung: 1909.
1368 1008 2527 1072 Fabrikationsprogramm: Büro-Druck- u. Brieffrankier-
1363 1053 2525 1106 maschinen; Billettregistrierkassen. Bau von Spezial-
1365 1092 2527 1163 maschinen u. Apparaten für Post- u. Eisenbahnbehörden.
1368 1140 1856 1193 Kapital: RM 400 000.—
1370 1175 2184 1239 Vorstand: Dir. Ernst Tensfeldt, Berlin.
1365 1216 2532 1289 Prokuristen: Fritz Sigbjörnsen, Conrad Munser, Richard
1368 1260 1494 1324 Böhm.
1365 1303 2527 1370 Aufsichtsrat: Vors.: Dr. ing. h. c. Max Kosegarten,
1363 1342 2177 1404 Berlin; Stellv.: Dir. Paul Craß, Berlin.
1363 1386 2525 1450 Bankverbindung: Georg Fromberg & Co., A.-G., Berlin.
1370 1427 2041 1484 Postscheck-Konto: 7461 Berlin.
1363 1477 1984 1535 Geschäftsjahr: Kalenderjahr.
1361 1532 2527 1601 Grundbesitz: 33 000 qm, davon 4400 qm bebaut; gesamte
1365 1578 1796 1642 Nutzfläche: 3000 qm.
1363 1617 2525 1681 Anlagen: Exzenterpressen, Dreherei, Bohrerei, Fräserei,
1363 1663 2525 1729 Schleiferei, Schneiderei, Metallsägen u. -scheren. Werk-
1368 1709 2349 1766 zeugbau-Werkstätten. Eigene Rieselfeld-Anlage.
1359 1743 2525 1805 Besondere Angaben: 1933 Erweiterung des Fabrikations-
1361 1791 2525 1844 programmes durch Neuaufnahme von Spezial-Büro-
1361 1830 2520 1903 maschinen. — 1935 Neuaufnahme eines Kontrollapparates
1361 1874 1975 1938 in das Fabrikationsprogramm.
1354 2057 2184 2142 Deutsche Roneo G. m. b. H.,
1356 2130 1945 2210 Berlin, Kochstr. 32.
1359 2208 2346 2281 Fernruf: 17 19 04. Drahtanschrift: roneostyle
1363 2265 1723 2318 Gründung: 1902.
1361 2297 2454 2375 Fabrikationsprogramm: Vervielfältiger, Adressierer,
1363 2343 1556 2403 Kopierer.
1363 2382 1835 2446 Kapital: RM 50 000.—.
1365 2433 2179 2492 Anteileigner: Georg Kalbhenn, Berlin.
1359 2472 2390 2540 Geschäftsführer: Arthur Weil, Georg Kalbhenn.
1359 2515 2287 2577 Aufsichtsrat: Vors.: Dr. ing. H. E. Keppler.
1356 2556 2239 2614 Bankverbindung: Dresdner Bank, Berlin.
1356 2595 2074 2655 Postscheck-Konto: 21 428 Berlin.
1354 2643 1968 2705 Geschäftsjahr: 1./1.—31./12.
1356 2710 2119 2769 Anlagen: Mechanische Werkstätten.
1356 2753 1959 2808 Gefolgschaft: 25 Mitglieder.
68 3051 1132 3143 Deutsche Patent-Formkasten-Werke,
71 3122 499 3214 Freyburg a. U.
71 3205 1072 3271 Fernruf: 252. Drahtanschrift: formkastenwerk
75 3251 426 3312 Gründung: 1912.
71 3290 1223 3365 Fabrikationsprogramm: Schmiedeeiserne Formkasten
77 3333 779 3404 nach eigenem Patent. Stahlmöbel.
73 3367 552 3441 Inhaber: Hugo Eisoldt.
73 3413 1221 3480 Bankverbindungen: Gewerbe- u. Landwirtschaftsbank
116 3454 1219 3528 G. m. b. H., Freyburg a./U.; Kreissparkasse, Querfurt.
71 3500 671 3564 Geschäftsjahr: Kalenderjahr.
71 3567 1022 3631 Grundbesitz; 5439 qm, davon 440 qm bebaut.
80 3608 1212 3690 Anlagen: Mechanische Werkstätten mit Schweißerei u.
73 3645 261 3727 Schmiede.
1347 2914 2314 3001 Deutsche Rotawerke G. m. b. H.,
1349 2989 1601 3067 Aachen.
1352 3070 2220 3134 Fernruf: 25 002/3. Drahtanschrift: rota
1352 3120 1714 3177 Gründung: 1909.
1352 3157 2514 3214 Fabrikationsprogramm: Meßapparate: Rotamesser
1352 3200 2514 3260 (Strömungsmesser, Durchflußmesser). Glasverarbeitungs-
1352 3246 2516 3299 maschinen: Ampullen-, Ampullenfüll- u. Zuschmelz-
1352 3283 2514 3354 maschinen, Ampullenwaschmaschinen. — (Glaserzeug-
1352 3319 2280 3386 nisse: Tablettenröhrchen, Venülen, Serülen.)
1352 3370 2197 3425 Geschäftsführer: Felix Meyer, Aachen.
1352 3404 2514 3477 Prokuristen: Georg H. Meyer, Berlin: Josef Delhey,
1354 3450 2326 3512 Emmy Delhey, Dr. Johannes Hennig, Aachen.
1352 3493 2507 3558 Bankverbindungen: Deutsche Bank u. Disconto-Ges.,
1352 3530 2511 3613 Commerz- u. Privat-Bank A.-G., Dresdner Bank, Reichs-
1352 3571 1650 3633 bank, Aachen.
1352 3613 2039 3684 Postscheck-Konto: 10 855 Köln.
1349 3668 1952 3734 Geschäftsjahr: 1./1.—31./12.
2406 3842 2516 3947 119
