2796 4176
252 245 700 329 Zucho — Zwisler
250 403 1415 466 Eigene Vertretung in Berlin: Dipl.-Ing. W. Heuberger.
248 447 631 503 — Fritz O. Beyer.
248 482 1410 552 Besondere Angaben: Die Gesellschaft ist hervorgegan-
248 528 1403 591 gen aus den Firmen „Holzindustrie Albert Munzinger“
248 573 1408 633 (gegr. 1868) u. „Zschockes Maschinenfabrik“ (gegr.
250 617 368 675 1890).
250 644 1417 714 Gefolgschaft: 1930/31 31/32 32/33 33/34 34/35 35/36
250 705 498 763 insgesamt
691 700 1385 758 327 299 248 255 500 500
241 740 1392 807 Umsatz (Mill. RM) 1,38 1,31 0,86 1,12 1,75 2,28
238 902 839 985 „Zucho“ Maschinenfabrik
241 965 621 1027 siehe Thüringer
236 1134 1413 1224 Zündholz Maschinenfabrik“ G. m. b. H.
234 1204 1037 1292 Berlin-Reinickendorf-West,
236 1276 716 1357 Eichbornstr. 60.
238 1371 610 1438 Fernruf: 490 225.
243 1424 614 1475 Gründung: 1921.
238 1456 1399 1524 Bankverbindung: Commerz- u. Privat-Bank A.-G.,
238 1498 378 1559 Berlin.
234 1545 969 1605 Postscheck-Konto: 96 717 Berlin.
1338 1535 1389 1607 x
1547 408 2580 473 Grundbesitz: 13 500 qm, davon 8900 qm bebaut.
1552 450 2710 512 Eigene Vertretung in Berlin: Hermann Hallbauer, W
1552 494 2111 556 30, Aschaffenburger Str. 19.
1549 538 2587 600 Eigene Vertretungen im Ausland: Auf Anfrage.
1552 580 2710 640 Besondere Angaben: Die Zwickauer Maschinenfabrik
1552 619 2707 682 besteht seit 1842 und zählt zu den Pionieren deutscher
1552 663 2705 719 Technik auf dem Gebiete des Kompressorenbaues. —
1547 700 2707 760 1865 wurde sie von der Firma Brod u. Stiehler über-
1549 749 2707 805 nommen, die in den damaligen, immerhin bescheiden zu
1545 788 2705 849 benennenden, Fabrikationsräumlichkeiten größere Um-
1547 832 2707 886 sätze erzielen konnte. — Das Zweigwerk Niederschlema
1547 876 2707 927 wurde 1929 mit allem Zubehör und vorhandenen Be-
1547 911 2705 976 ständen an die Firma Hiltmann u. Lorenz A.-G., Aue,
1545 958 2707 1013 veräußert. — 1931 wurde das Arbeitsprogramm erwei-
1549 995 2705 1057 tert. — Die in dem 1931 stillgelegten Werk Marktredwitz
1543 1041 2705 1095 der Flottmann A.-G. in Herne hergestellten Dampf-
1545 1088 2707 1143 maschinen, Groß- und dampfbetriebenen Kompressoren
1545 1129 2705 1180 wurden übernommen und mit der eigenen Fabrikation
1545 1169 2700 1220 verbunden. — Im Jahre 1932 war die Gesellschaft ge-
1543 1206 2703 1269 zwungen, ihre Zahlungen einzustellen. Zwecks Sanierung
1545 1250 2703 1313 wurde das Grundkapital in erleichterter Form auf RM
1538 1292 2700 1347 200 000.— herabgesetzt. Die Generalversammlung vom
1545 1331 2703 1396 28. 5. 1932 beschloß die Wiedererhöhung auf RM
1540 1373 2700 1436 320 000.—, und zwar durch Ausgabe von RM 100 000.—
1543 1417 2698 1480 Vorzugsaktien und RM 20 000.— Stammaktien. 1933
1538 1461 2700 1517 konnten bereits 4% Dividende auf die Stammaktien ver-
1536 1496 2698 1559 teilt werden. — 1934 wurde eine weitere Geschäftsbele-
1540 1547 2700 1600 bung verzeichnet. Auch die finanzielle Lage erfuhr eine
1536 1589 2698 1642 wesentliche Besserung. — 1936 konnte erfreulicherweise
1538 1633 2698 1686 weitere Aufbauarbeit geleistet werden. Der vorliegende
1538 1672 2698 1730 Auftragsbestand sichert gute Beschäftigung für die
1531 1712 1891 1784 nächsten Monate.
229 1681 1060 1772 Zulauf & Cie., G. m. b. H.,
229 1756 1266 1851 Frankfurt a. Main, Borsig-Allee 13.
232 1849 1102 1918 Fernruf: 47 733. Drahtanschrift: zulauf
232 1895 596 1958 Gründung: 1870.
234 1944 1338 1999 Fabrikationsprogramm: Schwer- und Feinarmaturen.
232 1981 1394 2043 Bankverbindung: Mitteldeutsche Kreditbank, Niederl.
236 2027 1241 2088 d. Commerz- u. Privat-Bank A.-G., Frankfurt/M.
227 2069 1025 2125 Postscheck-Konto: 4928 Frankfurt/M.
229 2132 1392 2204 Eigene Vertretung in Berlin: Kaeber & Co., Bln.-
227 2176 842 2241 Grunewald, Teplitzer Str. 32.
227 2336 633 2398 Paul Zurstrassen
229 2391 761 2449 siehe Maschinenfabrik
1524 1897 2668 1988 Bruno Zwingenberger, Platinenfabrik,
1526 1976 2482 2055 Limbach i. Sa., Dorotheenstr. 2.
1531 2074 1846 2134 Fernruf: 4168.
1529 2118 1898 2178 Gründung: 1870.
1526 2155 2691 2220 Bankverbindungen: Dresdner Bank, Stadtbank, Allge-
1526 2204 2362 2257 meine Deutsche Credit-Anstalt, Limbach.
2633 2231 2682 2294 &
1522 2243 2276 2315 Postscheck-Konto: 95 734 Leipzig.
225 2540 631 2610 Karl A. Zwanger
225 2603 765 2661 siehe Maschinenfabrik
218 2756 1039 2846 Zwickauer Maschinenfabrik
218 2837 1178 2920 Aktiengesellschaft, Zwickau/Sa.
222 2925 1239 2992 Fernruf: 3451. Drahtanschrift: dampfmaschine
227 2976 911 3041 Gründung: 1842; seit 1872 A.-G.
222 3016 1392 3080 Fabrikationsprogramm: Kolben-Kompressoren aller
229 3067 1385 3127 Art, auch Gaskompressoren für Ferngas-Versorgung und
225 3097 1385 3176 Treibgasanlagen. Dampfmaschinen; Vakuumpumpen,
225 3141 846 3206 Preßluft- und Kreisel-Pumpen.
225 3187 716 3250 Kapital: RM 320 000.—
225 3229 1387 3294 Vorstand: Fabrikdir. Ludwig Hagemeier, Fabrikdir.
225 3271 730 3329 Dipl.-Ing. Franz Walter.
225 3319 1385 3370 Aufsichtsrat: Vors.: Dr. jur. Erich Sondermann. Dres-
222 3357 1385 3415 den; Dr. Peter Reinhold, Reichsminister a. D., Berlin-
220 3391 1387 3456 Dahlem; Geh. Kommerzienrat Otto Weißenberger, Dres-
222 3438 1387 3514 den; Fabrikdir. Kurt Werner Weißenberger, Frankenberg
229 3479 331 3542 i. Sa.
220 3510 1385 3595 Bankverbindungen: Commerz- u. Privat-Bank A.-G.,
220 3565 1037 3633 Sächsische Bank, Reichsbank, Zwickau.
220 3609 881 3674 Postscheck-Konto: 84 Leipzig.
220 3651 819 3725 Geschäftsjahr: 1./1.—31./12.
1519 2449 2633 2526 Guido Zwingenberger, Platinenfabrik
1517 2510 2686 2612 Limbach (Sa.), Herbert-Grobe-Str. 55.
1524 2610 1837 2677 Fernruf: 3976.
1519 2647 2320 2719 Drahtanschrift: guido zwingenberger
1522 2700 1879 2760 Gründung: 1860.
1519 2726 2686 2802 Fabrikationsprogramm: Platinen für Wirk- und Strick-
1524 2788 1747 2846 Maschinen.
1519 2821 2684 2886 Inhaber: Guido Zwingenberger, Arthur Zwingenberger,
1519 2874 2034 2930 Johannes Zwingenberger.
1519 2902 2684 2969 Bankverbindungen: Stadtbank Limbach, Allgemeine
1519 2955 2294 3011 Deutsche Credit-Anstalt, Limbach/Sa.
1517 2995 2141 3060 Geschäftsjahr: Kalenderjahr.
1512 3190 2619 3287 Anton Zwisler Landmaschinenfabrik,
1512 3266 2243 3361 Rehlings-Lindau (Bay.).
1517 3363 1997 3431 Fernruf: Lindau 2005.
1517 3405 2225 3470 Drahtanschrift: zwisler lindau/b
1517 3447 2682 3510 Fabrikationsprogramm: Landmaschinen (Spez.: Trom-
1515 3498 2246 3554 melwender und Keltereimaschinen)
1517 3535 2679 3595 Bankverbindung: Bayrische Vereinsbank, Lindau i. B.
1515 3582 2215 3640 Postscheck-Konto: 38 München.
1515 3623 2682 3679 Anlagen: Maschinenbau-Werkstätten mit Dreherei, Frä-
1512 3663 2538 3742 serei, Bohrerei, Hobelei, Tischlerei. Lagerräume.
218 3832 336 3927 664
