2796 4176
236 222 1556 308 Berliner Präzisions-Werkzeug — Berliner Trocken
238 371 1408 440 Dampf- u. Motorstraßenwalzen. — Druck- u. Papierver-
238 422 1403 484 arbeitungsmaschinen. — Flüssigkeitsgetriebe. — Eisen-
238 468 907 528 guß, Metallguß, Schmiedestücke.
238 510 761 566 Kapital: RM 8 320 000.—
241 540 1343 607 Großaktionär: Bank für Industriewerte A.-G., Berlin.
243 586 1401 654 Vorstand: Alexander Doeppner, Wildau; Dr. ing. Herbert
241 633 1399 691 von Klemperer, Berlin; Gerhard Ukert, Neubabelsberg;
238 675 1401 735 Dipl.-Ing. Bruno Hannover, Wildau; Dipl.-Ing. Ernst
243 716 603 777 Sporleder, Berlin.
238 747 1401 818 Prokuristen: Anton Huwiler, Heinrich Lehnhoff, Georg
243 802 1401 865 Balz, Victor v. Haaren, Albrecht Martius, Karl Masche,
243 846 1276 900 Oskar Stamm, Kurt Würfel, Herbert Roggenbuck.
241 883 1406 941 Aufsichtsrat: Vors.: Staatsfinanzrat a. D. Hans Weltzien
238 930 1399 990 (Geschäftsinhaber der Berliner Handels-Ges,), Bln.-
241 962 1403 1030 Dahlem; Stellv.: Dr. Eduard Mosler (Vorstandsmitglied
238 1011 1188 1067 der Deutschen Bank u. Disconto-Ges.), Berlin.
238 1050 1403 1115 Bankverbindungen: Berliner Handels-Gesellschaft, Deut-
238 1097 1401 1162 sche Bank u. Disconto-Ges., Delbrück Schickler & Co.,
238 1139 645 1199 Reichsbank, Berlin.
241 1180 951 1241 Postscheck-Konto: 28 595 Berlin.
236 1220 826 1282 Geschäftsjahr: 1./7.—30./6.
238 1271 1403 1340 Grundbesitz: 1 186 000 qm, davon 195 000 qm bebaut.
241 1327 1403 1392 Anlagen: Werk Berlin: Gieberei u. Werkstätten für Fein-
238 1371 1403 1433 maschinenbau. Gleisanschluß. — Werk Wildau: Maschi-
238 1412 1364 1468 nenbau-Werkstätten, Schmiede. Gleis- u. Kaianschluß.
243 1450 1403 1514 Verträge: Fabrikationsvertrag mit der Mergenthaler
243 1494 1065 1561 Setzmaschinenfabrik G. m. b. H., Berlin.
238 1547 1403 1610 Besondere Angaben: Im Gründungsjahr widmete sich
241 1593 1401 1649 die Gesellschaft vorwiegend dem Eisengußbetrieb u. dem
238 1630 1401 1698 Bau von Spezialmaschinen eigner Konstruktion. — 1866
243 1679 1403 1730 wurde eine Abteilung für den Bau von Lokomotiven ein-
238 1719 1401 1781 gerichtet. Der Lokomotivbau wurde nunmehr zum Haupt-
238 1758 1403 1814 zweig der Fabrikation. Als am Ende der 70er Jahre
238 1800 1401 1862 der Bedarf an Lokomotiven eine erhebliche Einschrän-
238 1846 1401 1904 kung erfuhr, wandte sich die Gesellschaft der Herstellung
238 1888 1399 1946 von Dampfmaschinen, Dampfkesseln, Luftkompressoren,
238 1930 1394 1985 hydraulischen Wasserhaltungs- u. Pumpmaschinen zu. —
241 1969 1403 2029 1885 wurde eine elektrotechnische Abteilung gegründet.
243 2009 1401 2069 — 1897 Fabrikation der Linotype-Setzmaschine u. Er-
238 2055 1401 2113 richtung einer neuen Lokomotivfabrik in Wildau. In
238 2097 1408 2152 den folgenden Jahren wurde der Bau von Kolbenpumpen,
243 2136 1403 2197 Patent-Hochdruck-Zentrifugalpumpen, u. die Herstellung
241 2180 1399 2238 von kompletten Anlagen für Druckluftgrubenbahnen u.
241 2215 1399 2282 Spezialmaschinen zur Herstellung von Glasflaschen u.
238 2266 1399 2322 Glasröhren aufgenommen. — 1923 wurde der Bau von
241 2306 1401 2366 Straßenwalzen u. Straßenaufreißer aufgenommen. — 1924
236 2345 1401 2408 begann der Bau von Diesel-Lokomotiven. — 1926 Auf-
238 2389 1403 2454 nahme der Fabrikation von Druck- u. Papierverarbei-
238 2436 1403 2491 tungsmaschinen. — 1928/29 erwarb die Gesellschaft von
238 2477 1399 2533 der Sächsischen Maschinenfabrik vorm. R. Hartmann
238 2517 1401 2577 A.-G., Chemnitz die Lokomotivbauquote. Die notwendigen
238 2558 1401 2616 Zeichnungen, Modelle u. Gesenke wurden mit über-
238 2600 1401 2656 nommen unter gleichzeitiger Beteiligung an der Gesell-
238 2642 1401 2700 schaft mit 1 000 000 RM. — 1931 kam ein dreijähriger
238 2681 1401 2742 Lokomotivlieferungsvertrag mit der Deutschen Reichs-
238 2726 1403 2790 bahn-Gesellschaft unter Beteiligung der noch bestehenden
241 2774 1403 2832 sieben übrigen deutschen Lokomotivfabriken zum Ab-
238 2816 387 2874 schluß.
234 2851 1408 2920 Gefolgschaft: 1930/31 31/32 32/33 33/34 34/35 35/36
243 2904 1385 2969 insgesamt 2400 1700 1200 1350 2288 3000
236 2946 1403 3011 Zur Ausbildung des Nachwuchses wird eine Lehrlings-
238 2992 712 3046 werkstätte unterhalten,
238 3029 1403 3094 Ein wesentlicher Teil des Umsatzes entfällt auf den
238 3074 408 3136 Export.
1531 371 2452 436 Inhaber: Richard Fleck, Alfred Rothschild.
1533 419 2691 480 Bankverbindung: Commerz- u. Privat-Bank A.-G.,
1540 463 1677 524 Berlin.
1536 505 2220 563 Postscheck-Konto: 6387 Berlin.
1540 545 2146 605 Geschäftsjahr: 1./1.—31./12.
1531 598 2559 679 Grundbesitz: 4200 qm, davon 1700 qm bebaut.
1529 760 2563 849 Berliner Pumpenfabrik G. m. b. H.
1536 842 2292 918 vorm. Max Brandenburg,
1533 909 2290 995 Berlin-Reinickendorf-Ost,
1536 983 2171 1067 Sommerstraße 15-25.
1533 1078 2557 1139 Fernruf: 49 19 77. Drahtanschrift: wasserpump
1536 1127 1898 1183 Gründung: 1932.
1536 1166 2696 1224 Fabrikationsprogramm: Maschinen- und Handpumpen;
1536 1208 2631 1262 Wasserversorgungsanlagen „Hydrophor“. Spezialität:
1538 1248 2443 1306 Selbstansaugende Kreiselpumpen „Sero 33“.
1536 1294 1974 1350 Kapital: RM 40 000.-
1536 1322 2696 1394 Anteileigner: Fabrikdir. Georg Fabig (50%), Frau Elise
1536 1378 2016 1436 Fabig geb. Born (50 %).
1536 1410 2197 1477 Geschäftsführer: Georg Fabig.
1538 1461 2190 1519 Prokurist: Walter Hildebrandt.
1536 1487 2696 1561 Bankverbindungen: Deutsche Bank u. Disconto-Ges.,
1538 1547 2002 1605 Dresdner Bank, Berlin.
1538 1591 2248 1647 Postscheck-Konto: 16 136 Berlin.
1536 1630 2146 1691 Geschäftsjahr: 1./1.—31./12.
1536 1688 2698 1749 Anlagen: kaufm. Büro; Fabrikationsräume mit neuzeit-
1536 1737 2696 1793 lichem Maschinenpark. Umfangreiches Lager. Sämtliche
1538 1777 2696 1842 Räume sind gemietet (ca. 150 qm Büro-, 1200 qm Fabrik-
1538 1818 2055 1881 und 350 qm Lagerräume),
1536 1860 2698 1918 Eigene Vertretung in Berlin: Alfred G. May, Gnei-
1538 1904 1795 1965 senaustr. 96.
1536 1948 2698 2013 Besondere Angaben: Die Fabrikation wurde von der im
1538 1997 2696 2055 Jahre 1894 gegründeten Firma Berliner Pumpenfabrik
1538 2039 2696 2097 Akt.-Ges. vorm. Max Brandenburg, Berlin-Treptow, über-
1538 2076 2696 2139 nommen u. weiterentwickelt. Umsatz 1936 ca. 640 000 RM.
1543 2125 2693 2183 Vom Gesamtumsatz entfielen 1936 ca. 70 000 RM. auf den
1543 2166 1707 2227 Export.
1540 2194 2696 2275 Gefolgschaft: 40 Arbeiter (davon 7 Lehrlinge) u. 13 An-
1538 2255 2153 2317 gestellte (davon 4 Lehrlinge).
1536 2405 2429 2487 Berliner Stickmaschinenfabrik
1538 2475 2526 2558 Schirmer, Blau & Co. G. m. b. H.,
1536 2547 2424 2640 Berlin 0 27, Brauner Weg 95.
1536 2635 2526 2707 Fernruf: 59 18 79. Drahtanschrift: kurbelblau
1543 2698 1904 2751 Gründung: 1873.
1543 2732 2696 2795 Fabrikationsprogramm: Kurbelstickmaschinen, Platt-
1543 2777 2201 2832 stichmaschinen, Stopfmaschinen.
1543 2823 2178 2876 Geschäftsführer: Hans Jonas.
1540 2851 2696 2923 Bankverbindung: Deutsche Bank u. Disconto-Ges.,
1540 2900 1679 2964 Berlin.
1543 2948 2246 3004 Postscheck-Konto: 41 159 Berlin.
1540 2988 2167 3046 Geschäftsjahr: Kalenderjahr.
232 3236 1234 3326 Berliner Präzisions-Werkzeug- u.
236 3312 1136 3401 Maschinenfabrik, Fleck & Co.,
234 3384 1329 3466 Berlin-Siemensstadt, Nonnendamm 4
236 3477 1255 3554 Fernruf: 34 60 37. Drahtanschrift: fleckbohrer
241 3528 605 3586 Gründung: 1908.
238 3558 1403 3628 Fabrikationsprogramm: Präzisions-Werkzeugmacher-
238 3614 1403 3667 und Revolverdrehbänke; Abstechautomaten; Präzisions-
243 3658 1192 3732 werkzeuge: Gewindebohrer, Reibahlen, Fräser.
1536 3150 2589 3231 Berliner Trocken- und Lackierofen-
1536 3222 2580 3308 fabrik Hoffmann & Co. G. m. b. H.,
1538 3292 2635 3377 Berlin-Neukölln, Glasower Str. 42/43.
1540 3396 2584 3463 Fernruf: 62 66 10. Drahtanschrift: hoffmannöfen
1543 3442 1900 3500 Gründung: 1932.
1543 3484 2624 3542 Fabrikationsprogramm: Lackier- und Trockenöfen.
1543 3526 2234 3584 Geschäftsführer: Fritz Ruhland.
1543 3565 2696 3626 Bankverbindung: Deutsche Bank u. Disconto-Ges.,
1547 3614 1689 3670 Berlin.
1543 3649 2255 3730 Postscheck-Konto: 16 323 Berlin.
229 3834 315 3906 66
