2796 4124
87 304 834 403 Borsig-Kokswerke A.-G.,
87 387 611 462 Borsigwerke 0/S.
89 460 1251 540 Fernruf: Hindenburg 3401. Drahtanschrift: kokswerke
89 515 446 570 Gründung: 1920.
91 552 1249 623 Fabrikationsprogramm: Spannwerkzeuge, Bohr- und
89 597 1242 662 Drehfutter; Maschinen und Geräte für die landwirt-
91 639 1244 710 schaftliche Bodenbearbeitung; elektrische Lokomotiven,
91 680 1244 746 Zerkleinerungs- und Aufbereitungsmaschinen, kraftbe-
91 721 1244 788 triebene Winden, Elektrozüge, Maschinen und Apparate
89 760 1244 827 für die Farbenherstellung, Maschinen und Apparate für
91 808 1244 870 die chemische Verarbeitung von Holz, Armaturen, Trieb-
93 850 545 907 werke und Wälzlager.
91 886 630 953 Kapital: RM 15 000 000.—
91 927 1244 996 Großaktionär: Kokswerke & Chemische Fabriken A.-
89 971 435 1026 G., Berlin (51%).
93 1005 1242 1076 Vorstand: Gen.-Dir. L. Kruyk, Hindenburg. O.-S.; Berg-
91 1051 1244 1120 werksdir. C. Mittelviefhaus, Gleiwitz, O.-S.; Dir. Mei-
98 1102 1040 1163 ners, Rechtsanw. Dr. Sallen, Borsigwerk, O.-S.
91 1143 1242 1209 Aufsichtsrat: Vors.: Geh. Komm.-Rat Dr.-Ing. e. h.
89 1182 1239 1248 Conrad von Borsig, Bln.-Grunewald; Stellv.: Dr. jur. Dr.
89 1221 1242 1292 ing. e. h. Hans Berckemeyer (Kokswerke & Chemische
89 1264 421 1321 Fabriken A.-G.).
87 1308 1244 1370 Bankverbindungen: Reichsbank, Deutsche Bank u. Dis-
87 1349 1242 1422 conto-Ges., Hindenburg (O.-S.); Commerz u. Privat-Bank
93 1392 547 1452 A.-G., Beuthen (O.-S.)
89 1427 788 1498 Postscheck-Konto: 1152 Breslau.
89 1480 655 1539 Geschäftsjahr: 1./7.—30./6.
87 1530 1212 1601 Grundbesitz: 4 540 000 qm, davon 843 000 qm bebaut.
89 1583 1244 1651 Anlagen: Bergwerksanlagen Ludwigsglück-Grube und
89 1619 1015 1686 Hedwigswunsch-Grube mit 4 Förderschächten.
89 1663 1242 1725 Beteiligungen: Sandbahngesellschaft der Gräflich von
89 1704 1242 1768 Ballestrem'schen und A. Borsig'schen Steinkohlenwerke
89 1741 1242 1812 G. m. b. H., Preiskretscham. — Schlesischer Blech-
93 1784 634 1848 handel G. m. b. H., Berlin
87 1835 1242 1892 Sonstige Beteiligungen: Der Hedwigswunsch-Grube ist
87 1878 1239 1942 eine im Jahre 1930 mit 56 Öfen errichtete, mit allen
87 1913 1237 1977 neuzeitlichen Einrichtungen versehene Kokerei (Durch-
89 1958 1235 2023 satzmöglichkeit jährlich 316 000 t trockene Kohle) mit
89 1995 1237 2064 Nebenproduktengewinnungsanlagen angegliedert. Außer-
89 2039 1237 2103 dem sind noch ältere Koksofenbatterien vorhanden. Im
87 2080 1235 2144 Betrieb befindet sich zur Zeit nur die neue Anlage. Die
89 2121 1237 2185 Nebenprodukte werden in dem Skalleyer Werk der Che-
87 2169 1235 2231 mische Werke Oberschlesien G. m. b. H., Hindenburg,
89 2208 1237 2270 O.-S., auf Benzol, Öl und Teerfeinerzeugnisse weiterver-
87 2254 1237 2311 arbeitet. Die Borsigwerk A.-G. ist an den Anlagen die-
89 2291 1237 2362 ser Gesellschaft mit 11,5% beteiligt. Die Verträge der
84 2332 1235 2396 Chemischen Werke Oberschlesien G. m. b. H., über die
89 2371 1235 2440 Verarbeitung und den Vertrieb der Kokerei-Neben-
87 2412 1232 2483 erzeugnisse wären Ende 1935 abgelaufen. Die G. m. b. H.
84 2453 1232 2527 befindet sich in Liquidation. Die polnischen Gesellschaf-
89 2501 1235 2568 ter sind ausgeschieden und haben ihre Beteiligung an
82 2547 1235 2604 den Verarbeitungsanlagen in Skalley den deutschen Ge-
89 2586 1235 2659 sellschaften überlassen. Über die vorgenannten An-
87 2623 1232 2698 lagen verfügen nunmehr die Preuß. Bergwerks- und
84 2662 1232 2742 Hütten-A.-G., die Ver. oberschles. Hüttenwerke und die
87 2705 566 2772 Borsig-Kokswerke A.-G.
82 2747 1235 2815 Besondere Angaben: 1920 übernahm die Ges. von der
89 2797 1232 2859 A. Borsig O. H., Berlin, die von dieser bisher in Borsig-
87 2834 1230 2905 werk, O.-S., betriebene Zweigniederlassung A. Borsig.
89 2873 1228 2948 Berg- und Hüttenverwaltung, mit allen Rechten und
82 2918 1230 2983 Pflichten mit Wirkung vom 1./1. 1920 ab. Das Unter-
84 2962 1232 3035 nehmen befaßt sich mit Steinkohlenbergbau, Koks- und
84 2999 1232 3076 Nebenproduktengewinnung, ferner mit Eisenhütten-
82 3042 1230 3113 betrieb. Seine Begründung liegt über 75 Jahre zurück;
84 3086 1230 3159 es hat sich namentlich unter der zielbewußten Leitung
80 3131 1230 3198 der Geh. Kommerzienräte Dr. ing. e. h. Ernst von Bor-
84 3173 1230 3235 sig und Conrad von Borsig zu seiner jetzigen Größe
82 3212 1230 3280 und Bedeutung entwickelt. Das Hüttenwerk wurde am
87 3251 1228 3319 1./3. 1932 wegen Unrentabilität stillgelegt, nachdem es
87 3292 1226 3370 bis an die Grenze des Möglichen in Betrieb gehalten
84 3333 1230 3404 worden war. Die hierdurch verursachten großen Ver-
82 3374 1232 3448 luste und die infolgedessen übermäßig angespannte Geld-
82 3416 1230 3498 lage der Gesellschaft zwangen zu einer Sanierung. Im
87 3457 1226 3532 Zusammenhang mit der Beteiligung der Kokswerke &
84 3505 1226 3578 Chemische Fabriken A.-G., Berlin, an der Borsigwerk
87 3544 1228 3622 A.-G. wurden sämtliche Betriebe ab 1./7. 1932 an die
82 3585 1230 3668 von beiden Gesellschaften am 23./6. 1932 gegründete
1384 332 2541 410 „Borsig- und Kokswerke G. m. b. H.“ verpachtet, der
1381 375 2537 442 ferner die oberschlesischen Betriebe der „Kokswerke“.
1381 412 2543 485 Berlin, pachtweise überlassen wurden. — März 1936 er-
1381 453 2541 531 warb die Ges. von der Kokswerke & Chemische Fabriken
1384 501 2541 568 A.-G. deren Drittelanteil an der Borsig- und Kokswerke
1384 540 2541 609 G. m. b. H. Damit kam die Ges. in den Besitz sämt-
1379 579 2541 655 licher Geschäftsanteile dieser G. m. b. H., an die die
1379 630 2543 691 sämtlichen Betriebe der Borsigwerk A.-G. verpachtet
1379 671 2541 737 gewesen waren. Die G. m. b. H. wurde aufgelöst und
1379 707 2541 783 das Vermögen auf die Borsigwerk A.-G. mit Wirkung
1377 753 2539 817 ab 1./1. 1936 überführt, in Verbindung damit Firma-An-
1379 795 2539 866 derung der Borsigwerk A.-G. in Borsig-Kokswerke A.-G.
1379 831 2539 909 Mit dieser Umwandlung kamen die früheren Borsigschen
1379 882 2539 939 Anlagen in den Besitz und Betrieb der neuen Gesell-
1379 923 2541 992 schaft, während das bisher bestehende Pachtverhältnis
1379 959 2537 1028 für die oberschlesischen Anlagen der Kokswerke &
1377 1005 2539 1072 Chemischen Fabriken A.-G. auf die Borsig-Kokswerke
1379 1053 1700 1108 A.-G. überging.
1370 1168 2484 1271 Borsig Lokomotiv-Werke G. m. b. H.,
1370 1246 2207 1344 Hennigsdorf (Osthavelland).
1375 1331 2335 1406 Fernruf: 30 87 41. Drahtanschrift: borsiglok
1375 1370 1739 1436 Gründung: 1930.
1375 1411 2202 1475 Fabrikationsprogramm: Lokomotiven.
1377 1454 1893 1519 Kapital: RM 5 000 000.—
1375 1502 2537 1576 Anteileigner: Allgemeine Elektricitäts-Gesellschaft, Ber-
1375 1541 1601 1599 lin NW 40
1375 1585 2250 1645 Geschäftsführer: Dr. Ing. Valentin Litz.
1375 1617 2537 1697 Prokuristen: Müller, Oesterheld, Tradowsky, Widdecke.
1372 1670 2534 1741 Bankverbindungen: Reichsbank-Giro-Konto, Sparkasse
1375 1711 2184 1771 des Kreises Osthavelland, Hennigsdorf.
1372 1748 2087 1812 Postscheck-Konto: 32 951 Berlin.
1372 1798 1984 1851 Geschäftsjahr: 1./1.—31./12.
1372 1846 2447 1906 Grundbesitz: 30 000 qm, davon 25 000 qm bebaut.
1372 1887 2534 1949 Anlagen: Spezial-Lokomotivfabrik mit neuzeitlichen
1372 1931 1911 1988 Fabrikationseinrichtungen.
1372 1972 2537 2034 Eigene Vertretungen: in allen wichtigen Absatzgebieten
1377 2018 1684 2073 des Auslandes.
1372 2050 2534 2123 Besondere Angaben: Die Gründung erfolgte durch den
1372 2096 2534 2174 Zusammenschluß der Lokomotivbauanstalten A. Borsig
1372 2139 2131 2204 G. m. b. H., Berlin-Tegel und A E G.
2106 192 2548 270 Borsig — Bosch
1370 2249 1966 2334 Robert Bosch A.-G.,
1368 2318 2110 2414 Stuttgart, Militärstraße 4.
1370 2405 2064 2474 Fernruf: 22 446, 22 641 u. 90 456.
1370 2449 1996 2506 Drahtanschrift: magnetbosch
1370 2485 2062 2550 Gründung: 1886; seit 1917 A.-G.
1372 2527 2527 2600 Fabrikationsprogramm: Kleinmaschinen, Apparate u.
1375 2570 2530 2646 Vorrichtungen sowie Waren u. Werkzeuge aller Art, die
1370 2616 2530 2680 in das Gebiet der Elektrotechnik u. Feinmechanik fallen.
1368 2659 2530 2731 Kapital: RM 30 000 000.— in 30 000 Namensaktien zu
1370 2696 1563 2753 1000 RM.
1370 2733 2534 2808 Vorstand: Hermann Fellmeth, Hans Walz, Karl Martell
1372 2779 2530 2850 Wild; Stellv. Guido Gutmann, Max Rall, Dr. Erich Raß-
1368 2820 1693 2882 bach, Stuttgart.
1370 2866 2532 2928 Prokuristen: Max Dehn, Berlin; Otto Debatin, Ernst
1370 2905 2527 2976 Durst, Dr. Otto Fischer, Erich Hoch, Fritz Honold,
1370 2950 2525 3021 August Kazenmaier, Hermann Koerber, Alfred Mattes,
1372 2989 2527 3060 Alfred Meyer, Daniel Rathgeber, Fritz Riekert, Heinrich
1368 3028 2525 3109 Rosenberg, Hermann Steinhart, Stuttgart; Arthur Wilde,
1368 3070 1785 3131 Stuttgart-Feuerbach.
1368 3120 2530 3182 Aufsichtsrat: Vors.: Dr.-Ing. e. h. Robert Bosch; Stellv.:
1365 3161 2275 3228 Rechtsanwalt Dr. Paul Scheuing, Stuttgart.
1365 3198 2530 3276 Bankverbindungen: Mit einer Reihe Groß- u. wichtiger
1363 3246 1700 3301 Regionalbanken.
1365 3285 2108 3347 Postscheck-Konto: 2150 Stuttgart.
1363 3335 1986 3395 Geschäftsjahr: Kalenderjahr.
1361 3383 2527 3450 Grundbesitz: in Stuttgart, bestehend aus Fabrikgebäu-
1363 3434 2525 3500 den, Verwaltungsgebäuden, Wohnhäusern u. unbebauten
1363 3477 2523 3537 Grundstücken mit einer Gesamtfläche von 5.9747 ha u.
1365 3512 2523 3576 in Feuerbach, bestehend aus Fabrikgebäuden, Verwal-
1363 3558 2525 3633 tungsgebäuden, Wohnhäusern u. unbebauten Grund-
1363 3603 2335 3679 stücken mit einer Gesamtfläche von 18.1863 ha.
80 3773 126 3849 6-
2443 3787 2530 3885 83
