2796 4124
121 323 1290 396 Besondere Angaben: Die Gesellschaft entstand durch
126 371 1285 435 Fusion der Firmen: Enzinger Werke A.-G., Worms, u.
132 410 1212 467 Union-Werke A.-G., Maschinenfabriken Mannheim.
1244 423 1274 481 —
126 449 1283 524 Enzinger Werke A.-G.: Die Werke wurden 1879 in
126 494 1285 556 Worms gegründet (Maschinenfabrik zur Herstellung von
123 538 1283 604 Filteranlagen u. bautechnischen Einrichtungen). — 1900
126 577 1281 639 Übernahme der Berliner Feinfilterfabrik Sellenscheidt. —
126 623 1285 682 1920 wurde die Brauereimaschinenfabrik Hoz & Kempter,
123 659 1285 723 Konstanz, übernommen. — Unionwerke A.-G.: Die Union-
128 710 1283 767 werke gingen aus der 1886 gegründeten Fabrik tech-
121 751 1285 808 nischer Apparate Heinrich Stockheim in Mannheim her-
123 792 1285 850 vor, die sich mit der Herstellung von Brauerei- u. Kel-
121 829 1285 898 lereimaschinen befaßte. — 1904 erfolgte die Vereinigung
128 879 1283 937 dieser Firma mit der Fabrik für Brauereimaschinen vorm.
126 918 1281 978 Hch. Gehrke & Comp., Berlin, u. der Firma Otto
123 955 1285 1012 Fromma, Frankfurt/M. unter der Firma: Unionwerke
123 998 1285 1058 A.-G. Mannheim-Berlin, mit dem Hauptsitz in Mannheim.
123 1042 1283 1099 1924 erfolgte die Fusion der Enzinger-Werke Aktien-Ge-
121 1085 1283 1143 sellschaft mit den Unionwerken A.-G. Maschinenfabriken,
121 1127 1285 1184 Mannheim, unter der Firma: Enzinger-Union-Werke Ak-
121 1170 1035 1225 tien-Gesellschaft mit dem Sitz in Mannheim
119 1211 1287 1264 Gefolgschaft: 1930 1931 1932 1933 1934 1935 1936
123 1253 1274 1315 insgesamt 700 600 350 400 430 480 450
121 1296 1285 1351 Zur Ausbildung des Facharbeiternachwuchses werden be-
116 1338 980 1399 sondere Lehrlingswerkstätten unterhalten.
1418 325 2582 407 Gefolgschaft: 28 Arbeiter (davon 8 Lehrlinge), 5 An-
1425 384 2005 442 gestellte (davon 1 Lehrling).
1420 423 2582 485 Für die Ausbildung der Lehrlinge besteht eine besondere
1420 460 1874 531 Ausbildungswerkstatt.
119 1468 1148 1555 Gebr. Ephraim, Inh. Hugo Marten,
123 1535 451 1624 Wandsbek,
116 1610 1031 1690 Neumann-Reichardt-Str. 29/33.
119 1693 1175 1757 Fernruf: 28 53 16. Drahtanschrift: gebr. ephraim
119 1745 481 1796 Gründung: 1868.
119 1784 1045 1842 Fabrikationsprogramm: Nähmaschinenteile.
119 1828 1281 1883 Bankverbindung: Vereinsbank Hamburg, Abt. St. Pauli.
116 1862 859 1933 Postscheck-Konto: 1490 Hamburg.
1414 669 1812 742 Friedr. Erdmann
1418 735 1941 801 siebe Maschinenfabrik
1414 932 2333 1003 Erfurter Maschinen- u. Werkzeugfabrik
1420 994 2257 1065 siehe B. Geipel, „Erma“, G. m. b. H.
1414 1195 2573 1287 Johannes Erhard, Inh. J. Waldenmaier,
1418 1271 2500 1356 Südd. Armaturenfabrik, Bronce- und
1411 1338 1824 1422 Eisengießerei,
1411 1406 2044 1502 Heidenheim (Brenz).
1411 1500 2406 1569 Fernruf: SA 881/882. Drahtanschrift: erhard
1416 1553 2062 1612 Gründung: 1871; eingetr. 1902.
1416 1594 2571 1661 Fabrikationsprogramm: Dampf-, Gas-, Wasserarmatu-
1416 1640 2571 1700 ren für die gesamte Industrie in Eisen, Stahlguß u. Me-
1420 1679 2571 1738 tall; Spezialarmaturen für die chemische u. Papier-
1414 1716 2571 1789 industrie, Groß-Armaturen für Kraft- u. Wasserwerke.
1416 1757 2571 1832 Eisen u. Metallguß jeder Art bis zu Stückgewichten von
1416 1805 1618 1862 15 000 kg.
1414 1839 2447 1903 Inhaber: Frau Helene Waldenmaier, Heidenheim.
1414 1885 2422 1949 Geschäftsleiter: Dipl.-Ing. Erhard Waldenmaier.
1414 1931 2445 1990 Prokuristen: Heinz Waldenmaier, Hermann Rall.
1411 1968 2569 2034 Bankverbindungen: Commerz- u. Privat-Bank A.-G.,
1414 2013 2571 2078 Stuttgart; Reichsbanknebenstelle, Gewerbebank, Heiden-
1414 2059 1533 2114 heim.
1411 2094 2145 2158 Postscheck-Konto: 1597 Stuttgart.
1411 2139 1991 2199 Geschäftsjahr: 1./4.—31./3.
1409 2206 2573 2275 Anlagen: Eisen- u. Metallgießerei, Modelltischlerei; Ar-
1411 2254 1718 2309 maturenfabrik.
1411 2284 2573 2350 Eigene Vertretungen im Ausland: Helsingfors, Stock-
1414 2332 1530 2394 holm.
1409 2375 2573 2442 Gefolgschaft: 500 Arbeiter (davon 45 Lehrlinge) u. 35
1409 2421 2085 2481 Angestellte (davon 6 Lehrlinge).
119 2007 1221 2098 Wilhelm Eppensteiner Waagenfabrik,
114 2080 909 2171 (früher W. Wezel Nachf.),
114 2151 1070 2233 Murrhardt, Fornsbacher Str. 36.
119 2238 1042 2300 Fernruf: 50. Drahtanschrift: eppensteiner
116 2284 476 2343 Gründung: 1893.
119 2320 1278 2396 Fabrikationsprogramm: Dezimal-Brückenwaagen, Ta-
119 2373 522 2426 fel- u. Teigwaagen.
116 2405 1042 2472 Bankverbindung: Gewerbebank, Murrhardt.
119 2453 902 2513 Postscheck-Konto: 13 244 Stuttgart.
2016 185 2582 265 Ephraim — Erichsen
112 2588 811 2685 Erckens & Brix, K.-G.,
112 2664 632 2756 Maschinenfabrik,
112 2737 357 2822 Rheydt.
114 2806 1122 2884 Fernruf: 41 022 u. 41 639. Drahtanschrift: brix
116 2870 795 2928 Gründung: 1884; seit 1927 K.-G.
116 2905 1278 2973 Fabrikationsprogramm: Textilveredelungsmaschinen u.
116 2953 1278 3017 Apparate für Bleicherei, Färberei u. Appretur von Tex-
116 2994 786 3049 tilfasern, Gespinsten u. Geweben.
116 3031 779 3090 Komplementär: Johannes Brix.
114 3076 1278 3136 Geschäftsführer: Dipl.-Ing. Hans Brix, Ing. Otto Erckens.
114 3115 1019 3184 Bankverbindung: Dresdner Bank, Rheydt.
116 3157 758 3219 Postscheck-Konto: 9413 Köln.
114 3205 715 3262 Geschäftsjahr: 1./1.—31./12.
114 3253 1081 3326 Grundbesitz: 2500 qm, davon 1700 qm bebaut.
116 3310 1278 3374 Anlagen: Kaufm. u. techn. Büro; Fabrikationsraum u.
119 3345 325 3409 Tischlerei.
114 3390 1278 3454 Besondere Angaben: Die Firma wurde als Reparatur-
119 3436 1274 3493 werkstätte u. zur Herstellung von Webereivorbereitungs-
114 3471 1274 3539 maschinen, die bis dahin meist aus England eingeführt
119 3519 1274 3587 wurden, gegründet. Im Laufe der Zeit wurden durch
114 3553 1274 3626 Übernahme von Patenten das Schwergewicht auf Bleiche-
112 3606 850 3688 rei- und Färbereimaschinen verlegt.
1404 2598 1860 2682 A. M. Erichsen
1404 2676 2168 2753 Mechanische Werkstätten,
1404 2747 2028 2824 Teltow, Elbestraße 5.
1407 2824 2358 2900 Fernruf: 84 47 68. Drahtanschrift: erichsen
1407 2879 2074 2934 Gründung: 1910; eingetr. 1935.
1409 2916 2569 2978 Fabrikationsprogramm: Blech- u. Lackprüfmaschinen;
1409 2962 2569 3031 Kühlkokillen; Druckmeßanlagen für Walzwerke, Gummi-
1411 3001 2122 3063 Mischwalzwerke, Pressen u. a. m.
1411 3042 1897 3102 Kapital: RM 80 000.—.
1409 3086 1948 3143 Inhaber: A. M. Erichsen.
1409 3125 2566 3193 Bankverbindung: Deutsche Bank u. Disconto-Ges.,
1407 3168 1711 3230 Berlin-Steglitz.
1407 3209 2115 3269 Postscheck-Konto: 11 151 Berlin.
1414 3257 2032 3312 Geschäftsjahr: Kalenderjahr.
1404 3310 2388 3374 Grundbesitz: 7000 qm, davon 600 qm bebaut.
1407 3356 2564 3425 Anlagen: Fabrikationsräume, Montageraum, Schmiede,
1407 3402 2298 3461 Vernickelei u. Dreherei. Prüflaboratorium.
1409 3445 2569 3512 Eigene Vertretungen im Ausland: Frankreich, Nor-
1411 3491 1549 3548 wegen.
1407 3535 2564 3599 Besondere Angaben: Vom Gesamtumsatz entfallen 40 %
1409 3576 1732 3631 auf den Export.
1404 3615 2326 3690 Gefolgschaft: 15 Arbeiter u. 7 Angestellte.
2465 3791 2571 3869 155
