2796 4124
114 348 1283 414 Prokuristen: Johannes Gerhard, Kurt Kern, Erich Ste-
116 394 467 449 ven, Karl Zeiher.
119 433 1221 492 Aufsichtsrat: Vors.: Geh. Justizrat Dr. Albert Zapf,
119 481 352 536 Heidelberg.
119 522 1235 579 Bankverbindungen: Deutsche Bank u. Diconto-Ges.,
121 559 680 618 Reichsbank, Kaiserslautern.
116 600 932 659 Postscheck-Konto: 217 Ludwigshafen.
116 646 735 705 Geschäftsjahr: Kalenderjahr.
119 698 1177 765 Grundbesitz: 360 000 qm, davon 139 000 qm bebaut.
116 751 1278 817 Anlagen: Mechan. Werkanlagen, Montagehallen. Gleis-
119 790 1150 852 anschluß. Arbeiterkolonie; mehrere ausw. Häuser.
116 836 1276 898 Eigene Vertretung in Berlin: Pfaff-Nähm.-Haus, W 8,
119 877 492 934 Leipziger Str. 108.
121 914 1281 973 Tochtergesellschaften: N. V. Hollandsche Naaimachine-
119 957 1281 1012 handel, Rotterdam. — Pfaff Symaskiner A/S, Kopen-
119 996 1281 1058 hagen. — Machines a Coudre Pfaff S/A, Brüssel. — Casa
119 1044 543 1104 Pfaff S. A., Mailand.
121 1088 1281 1147 Besondere Angaben: Das Unternehmen hat sich aus
121 1134 1278 1191 einer kleinen Handwerksstätte im Laufe von 75 Jahren
121 1170 1278 1223 zu einem Großunternehmen entwickelt, das nicht nur den
119 1211 1281 1271 Kontinent, sondern auch die wesentlichsten Überseeländer
119 1253 1281 1312 beliefert und eine Gefolgschaft von ca. 5000 Mann be-
123 1299 313 1356 schäftigt.
119 1333 1278 1397 Der Umsatz hat nach einer vorübergehenden Krise in
121 1379 1281 1434 den letzten Jahren fortdauernd steigende Tendenz auf-
121 1420 1283 1482 gewiesen. Der Anteil des Exportes an dem Absatz der
123 1468 969 1521 Firma beträgt auch heute noch fast 50 %.
121 1502 1281 1564 Das Unternehmen unterhält seit mehreren Jahren eine
119 1546 1287 1603 eigene Lehrlingswerkstätte und Ausbildungsmöglichkeiten-
121 1587 653 1658 für das Verkaufspersonal.
1409 348 2578 430 Farben-, Textil-, Getränke- u. Konservenindustrie, sowie
1414 389 1652 453 Molkereien.
1416 439 1945 497 Kapital: RM 2 000 000.—.
1416 476 2573 554 Vorstand: Dir. Henry R. Allen, Dir. E. E. Geisinger,
1414 515 1824 577 Dir. G. Hasenkamp.
1416 559 1931 625 Prokurist: E. Hallowell.
1414 595 2575 675 Aufsichtsrat: Vors.: E. G. Miner, Rochester N. T.,
1416 643 2390 705 U. S. A.; Stellv.: W. D. Pheteplace, Rochester.
1411 682 2580 753 Bankverbindungen: Reichsbank, Deutsche Bank u. Dis-
1416 733 2216 797 conto-Ges., Dresdner Bank, Mannheim.
1414 772 2168 836 Postscheck-Konto: 6193 Karlsruhe.
1411 817 1991 872 Geschäftsjahr: 1./4.—31./3.
1411 863 2491 939 Grundbesitz: 41 024 qm. davon 10 536 qm bebaut.
1416 925 2575 982 Anlagen: Apparatebau-Werkstätten mit den erforder-
1411 957 1879 1019 lichen Nebenbetrieben.
1414 1001 2062 1065 Eigene Vertretung: In Berlin.
1414 1042 2486 1106 Eigene Vertretungen im Ausland: Auf Anfrage.
1414 1090 2575 1154 Beteiligung: Emailtank G. m. b. H., Düsseldorf (Tank-
1416 1134 1920 1186 vertrieb für Brauereien).
1414 1173 2578 1237 Besondere Angaben: Das Stammhaus der Gesellschaft
1414 1214 2573 1283 ist „The Pfaudler Co.“, Rochester N. V., U. S. A. Ver-
1411 1250 2578 1321 kaufsstelle für das europäische Brauereiartikelgeschäft
1411 1299 2493 1372 der Ges. ist die Emailtank G. m. b. H., Düsseldorf.
119 1725 437 1787 Ludwig Pfaff
121 1775 831 1848 siehe Wäschereimasch.-Fabrik
119 1908 538 1988 Paul Pfander,
119 1977 843 2057 Endersbach b. Stuttgart,
119 2050 1239 2151 Hindenburgstraße 10 (Schließfach 14).
121 2139 1070 2204 Fernruf: 229. Drahtanschrift: pfanderfutter
123 2188 485 2245 Gründung: 1920.
121 2220 1283 2286 Fabrikationsprogramm: Pfander -Schnellspannfutter,
126 2268 1278 2325 Pfander-Bohrerschutzfutter, Automatenspannzangen, Dreh-
123 2307 1281 2382 bankspannzangen, Revolverspannzangen, Teilapparate,
123 2346 1008 2419 Vorrichtungen, kleine Werkzeugmaschinen.
123 2389 607 2451 Inhaber: Paul Pfander.
123 2433 1283 2504 Bankverbindungen: Kreissparkasse, Endersbach; Ge-
123 2478 605 2533 werbebank, Waiblingen.
121 2515 891 2584 Postscheck-Konto: 22 208 Stuttgart.
121 2563 747 2623 Geschäftsjahr: Kalenderjahr.
123 2634 609 2687 Grundbesitz: 6800 qm.
126 2676 836 2728 Anlagen: 50 Werkzeugmaschinen.
123 2712 1283 2779 Eigene Vertretung in Berlin: Gustav Nagler, W 15,
126 2753 430 2815 Pariser Str. 38
123 2790 1285 2868 Eigene Vertretungen im Ausland: Bulgarien, England,
126 2831 758 2902 Holland, Österreich, Schweden.
123 2882 1283 2939 Besondere Angaben: Das Pfanderfutter hat im Aus- u.
123 2921 1281 2980 Inland den größten Anklang gefunden, weil durch seine
126 2964 1281 3024 Anordnung oft eine bis 10fache Leistungssteigerung ge-
123 3012 1239 3083 genüber der alten Arbeitsweise erreicht werden kann.
1411 1507 1824 1583 Hermann Pfauter
1414 1571 2578 1649 siehe Werkzeugmaschinenfabrik Hermann Pfauter,
1411 1619 1643 1688 Chemnitz
2126 201 2573 274 Pfaff — Pfeiffer
1411 1844 2518 1942 Gebr. Pfeiffer Barbarossawerke A.-G.,
1414 1919 2092 2004 Kaiserslautern (Pfalz),
1411 1990 2074 2082 Barbarossastr. 50/52a.
1414 2066 2422 2139 Fernruf: 52 u. 53. Drahtanschrift: barbarossa
1416 2121 2094 2178 Gründung: 1864; seit 1921 A.-G.
1414 2158 2580 2226 Fabrikationsprogramm: Maschinen und Einrichtungen
1416 2201 2578 2268 für Zement- und Kalkwerke und die chemische Industrie
1416 2247 2575 2323 (Zerkleinerungs-, Mahl-, Sicht- und Förderanlagen jeder
1420 2295 1805 2348 Art und Leistung).
1418 2334 1909 2391 Kapital: RM 650 000.—.
1416 2373 2080 2430 Großaktionär: Familie Pfeiffer.
1418 2410 2097 2469 Vorstand: Dir. Dr. Otto Pollert.
1416 2456 2383 2520 Prokuristen: Hermann Sillem, Eugen Werner.
1416 2501 2578 2568 Aufsichtsrat: Vors. Otto Mehrens, Hamburg; Stellv.: Dir.
1423 2536 1975 2595 Dan. Goebel, Baden-Baden.
1414 2575 2578 2643 Bankverbindungen: Reichsbank, Deutsche Bank u. Dis-
1414 2625 2287 2682 conto-Ges., Dresdner Bank, Kaiserslautern.
1416 2664 2353 2731 Postscheck-Konto: 352 Ludwigshafen a. Rh.
1414 2710 2005 2772 Geschäftsjahr: 1./4.—30./3.
1416 2772 2578 2840 Anlagen: Gießerei, mechanische Werkstätten, Blech-
1414 2811 2509 2879 bearbeitungswerkstätten, Tischlerei; Versuchsanstalt;
1418 2852 1876 2916 techn. u. kaufm. Büro.
1411 2900 2575 2962 Gefolgschaft: 244 Arbeiter, 53 Lehrlinge u. 60 An-
1414 2946 1604 3008 gestellte.
121 3138 536 3216 Hermann Pfauber
123 3200 822 3262 siehe Werkzeugmasch.-Fabrik
119 3324 795 3416 Pfaudler-Werke A.-G.,
121 3409 804 3498 Schwetzingen (Baden).
123 3482 1084 3553 Fernruf: 651/652. Drahtanschrift: pfaudler
126 3530 483 3594 Gründung: 1907.
126 3574 1290 3642 Fabrikationsprogramm: Säurebeständig emaillierte
123 3622 1287 3697 Apparate u. Behälter für die chemische, pharmaz., Lack-,
1411 3141 2374 3237 Robert Pfeiffer Maschinenfabrik,
1416 3219 2064 3308 Michelstadt (Hessen).
1416 3299 1714 3367 Fernruf: 456.
1416 3349 2516 3409 Fabrikationsprogramm: Kleinkältemaschinen. Säge-
1418 3393 1757 3450 werksmaschinen.
1416 3427 1948 3487 Inhaber: Robert Pfeiffer.
1416 3471 2317 3535 Postscheck-Konto: 58 401 Frankfurt a. M.
1416 3523 2016 3587 Geschäftsjahr: 1./1.—31./12.
1418 3571 2578 3665 Anlagen: Maschinenbauwerkstatt mit Schmiede, Schwei-
1420 3629 1922 3693 Berei u. Modelltischlerei.
2472 3805 2585 3892 459
