2796 4176
218 199 1336 287 Vereinigte Kugellager — Vereinigte Modell
213 352 1292 447 Vereinigte Kugellagerfabriken A.-G.,
208 424 589 515 Schweinfurt.
211 508 1194 577 Fernruf: 1201/1208. Drahtanschrift: eskaefes
213 563 580 619 Gründung: 1929.
213 593 1322 658 Fabrikationsprogramm: Wälzlager u. Wälzlagerteile.
213 642 763 705 Kapital: RM 30 000 000.—.
215 691 1306 749 Großaktionär: A. B. Svenska Kugellagerfabriken,
213 733 415 784 Göteborg.
215 756 1375 832 Vorstand: Gen.-Dir. Harald Hamberg, Dir. Nils Ekberg,
215 812 1250 869 Dir. Heinrich Ayasse, Dir. Wilhelm Jürgensmeyer.
211 849 1375 907 Prokuristen: H. v. Bezold, Artur Dettmann, Fritz Dun-
215 893 1373 955 kel, Ludwig Faerber, Max Kaiser, Dr. Jos. Kirner, Dr.
211 939 1371 997 jur. Fritz Kummetat, Arthur Maessing, Friedr. Mehl,
213 974 1373 1034 Bruno Perseke, Hans Schramm, Berthold Schweickardt,
215 1023 1192 1083 Wilh. Stahlecker, Wilh. Stuber, Heinrich Tully.
215 1067 1373 1125 Aufsichtsrat: Vors.: Geh. Komm.-Rat Dr. ing. h. c.
211 1104 1373 1166 Peter Klöckner, Duisburg; Stellv.: Geh. Justizrat Dr.
215 1150 707 1206 Josef Schmitt, Bamberg.
211 1183 1375 1250 Bankverbindungen: Reichsbank, Bayerische Staats-
211 1234 1373 1296 bank, Bayerische Vereinsbank, Bayerische Hypotheken-
211 1278 1373 1340 und Wechsel-Bank, Dresdner Bank, Schweinfurt;
208 1317 1041 1380 Deutsche Bank u. Disconto-Ges., Berlin.
213 1357 990 1422 Postscheck-Konto: 39 030 Nürnberg.
208 1405 828 1466 Geschäftsjahr: Kalenderjahr.
208 1452 1373 1531 Anlagen: 2 Werke in Schweinfurt u. 1 Werk in Stutt-
213 1510 612 1563 gart-Bad Cannstatt.
213 1554 1373 1614 Eigene Vertretung in Berlin: Ingenieurbüro Berlin,
213 1593 638 1651 Unter den Linden 38.
206 1635 1375 1693 Firma gehört folgendem Konzern an: SKF-Konzern.
1508 371 2670 419 tralheizungen u. Handel mit Kraftahrzeugen wurde neu
1508 401 2663 466 aufgenommen; 1930 die Generalversammlung vom 14. 6.
1505 445 2663 508 hob den Beschluß der Generalversammlung vom 13. 6.
1510 487 2663 545 1927, wonach das Kapital im Verhältnis von 2:1 zu-
1505 528 2666 591 sammengelegt werden sollte, auf; 1931 Ankauf von nom.
1510 575 2666 633 RM 100 000.— eigener Aktien; 1932 die Generalversamm-
1508 614 2663 675 lung vom 7. 5. 1932 beschloß die Einziehung der nom.
1510 654 2666 714 RM 100 000.— eigenen Aktien u. Herabsetzung des
1505 698 2666 760 Stammkapitals um diesen Betrag in erleichterter Form
1508 737 2663 802 von RM 1 000 000.— auf RM 900 000.—. Der aus dem
1510 786 2663 842 Ankauf erzielte Buchgewinn in Höhe von RM 65 000.—
1508 828 2663 883 wurde mit RM 25 000.— zu Abschreibungen auf Ge-
1505 867 2666 921 bäudekonto verwandt, RM 40 000.— wurden dem Reserve-
1508 904 2668 962 fonds zugeführt; 1936 Verkauf des Wohngrundstückes
1508 948 2666 1020 Gumbinnen, Roonstr. 25. Die Abteilung Zentralheizungs-
1503 990 1974 1057 bau wurde aufgegeben.
208 1763 1290 1844 Vereinigte Maschinenfabriken A.-G.,
206 1835 1375 1930 Gumbinnen (Ostpreußen), Königstr. 48.
208 1920 1229 1990 Fernruf: 2351/53. Drahtanschrift: eisengießerei
206 1965 573 2027 Gründung: 1917.
206 2006 1371 2069 Fabrikationsprogramm: Herstellung von Dieselmotoren,
208 2050 1368 2115 Schwerölmotoren, Schmal- u. Breitdreschmaschinen,
211 2092 1368 2157 Häckselmaschinen, Schrotmühlen, Torfpressen, Rüben-
208 2134 1069 2192 schneidern. Herstellung von Handelsguß.
208 2183 700 2238 Kapital: RM 900 000.—
211 2217 1304 2278 Vorstand: Karl Schotte, Otto Pettrich, Gumbinnen.
208 2264 1030 2324 Prokurist: Jobst Springer, Gumbinnen.
208 2306 1373 2371 Aufsichtsrat: Vors.: Landwirt Carl von Boddien, Leis-
208 2350 1368 2408 sienen; Stellv.: Bankier Paul Sauvage, Berlin; Bankier
206 2389 1371 2445 Georg Eidenschink, München; Erster Bürgermeister
206 2431 600 2496 Schön, Gumbinnen.
206 2470 1373 2533 Bankverbindungen: Reichsbank, Deutsche Bank u. Dis-
208 2519 1373 2577 conto-Ges., Bank der Ostpr. Landschaft, Kreis- u. Stadt-
208 2561 672 2621 sparkasse, Gumbinnen.
208 2603 986 2663 Postscheck-Konto: 2489 Königsberg.
201 2644 828 2709 Geschäftsjahr: Kalenderjahr.
204 2702 1262 2763 Grundbesitz: 48 600 qm, davon 22 279 qm bebaut.
208 2753 1371 2816 Anlagen: Maschinenfabrik, Eisengießerei zur Herstellung
208 2793 1368 2860 von Maschinen- u. Handelsguß; Tempergießerei, Säge-
208 2832 331 2890 werk.
201 2862 1368 2934 Besondere Angaben: 1860 Gründung der Maschinen-
204 2920 1366 2978 fabrik A. Dinger, Gumbinnen; 1906 Gründung der Ver-
204 2960 1368 3013 einigte Maschinenfabriken Gumbinnen u. Pillkallen G. m.
206 2999 1366 3062 b. H.; 1914 Anläßlich des Russeneinfalls Zerstörung der
201 3039 1368 3101 Fabrikanlagen in Gumbinnen; 1917 Umwandlung in eine
208 3090 1368 3145 Aktiengesellschaft u. Gründung der jetzigen Firma;
204 3129 1366 3185 1916/17 Wiederaufbau mit Hilfe staatlicher Entschädigun-
208 3178 1366 3231 gen unter erheblichen Erweiterungen; 1924 25. Nov.
206 3210 1366 3268 Verkauf der Zweigniederlassung in Pillkallen; 1926 Ver-
201 3254 1368 3315 kauf eines Wohngrundstückes in Gumbinnen; 1927 Sa-
206 3301 1366 3354 nierung durch Zusammenlegung des Aktienkapitals im
208 3338 1366 3398 Verhältnis 2:1, da verschiedene Bilanzposten, insbeson-
204 3380 1364 3440 dere das Warenkonto, zu hoch bewertet waren; 1928
201 3424 1364 3482 laut Generalversammlungsbeschluß vom 23. 6. 1928
206 3468 1364 3524 wurde die Durchführung der Zusammenlegung des Ak-
204 3512 1366 3570 tienkapitals bis zur nächsten Generalversammlung zu-
204 3549 1366 3612 rückgestellt; 1929 laut Generalversammlungsbeschluß vom
201 3589 1364 3644 22. 6. 1929 gelangten die nom. RM 12 000.— Vorzugs-
204 3635 1366 3714 aktien zu 110 % zur Einziehung. Der Einbau von Zen-
1505 1129 2619 1229 Vereinigte Maschinenfabriken Kupfer-
1503 1208 2501 1292 und Kesselschmiede Franz Simon,
1501 1278 2385 1368 Dresden-A. 28, Bünaustr. 34.
1505 1373 2364 1433 Fernruf: 26 552. Drahtanschrift: simon
1505 1410 1865 1470 Gründung: 1900.
1508 1452 2666 1510 Fabrikationsprogramm: Wäscherei-, Plätt- u. Brauerei-
1503 1491 2666 1552 maschinen. Desinfektionsapparate. Tubenfüll- u. Schließ-
1503 1535 2067 1593 maschinen. Zupfmaschinen.
1505 1568 2666 1637 Inhaber: Franz Simon. Pächter: Dr. W. Simon, Dr. M.
1508 1624 1675 1679 Stenzer.
1503 1647 2666 1733 Bankverbindungen: Dresdner Bank, Deutsche Bank u.
1508 1702 1990 1763 Disconto-Ges., Dresden.
1503 1751 2106 1807 Geschäftsjahr: 1./1.—31./12.
1503 1804 2594 1879 Eigene Vertretungen im Ausland: Triest, Italien.
1505 1953 2638 2036 Vereinigte Metallwarenfabriken A.-G.,
1503 2023 2155 2115 vormals Haller & Co.,
1498 2097 2617 2197 Altona-Ottensen, Friedensallee 33/35.
1503 2183 1872 2243 Gründung: 1895.
1503 2220 2666 2285 Fabrikationsprogramm: Petroleumkocher, Petroleum-
1503 2266 2663 2326 heizöfen, Benzinkocher, Gaskocher, Mangeln, Brot-
1503 2308 2663 2382 schneider, Feuerlöscher, Emaillewaren usw. sowie Roh-
1508 2359 1904 2412 guß für Maschinen.
1508 2394 2044 2459 Kapital: RM 4 400 000.—.
1505 2433 2668 2496 Vorstand: Dir. Dipl.-Ing. Georg Heise, Cossebaude bei
1503 2473 2253 2540 Dresden; Dir. Hans Bremer, Altona.
1503 2512 2663 2589 Aufsichtsrat: Vors.: Bankdir. i. R. Friedrich Behnisch,
1503 2561 2666 2640 Dresden; Stellv.: Bankier Louis Hagen, i. Fa. Hagen &
1505 2612 1742 2668 Co., Berlin.
1503 2637 2389 2709 Bankverbindung: Vereinsbank, Hamburg.
1501 2693 2125 2758 Geschäftsjahr: Kalenderjahr.
1498 2751 2568 2811 Grundbesitz: 63 912 qm. davon 23 361 qm bebaut.
1505 2795 2659 2860 Anlagen: Werk Altona-Ottensen mit Emaillierwerk u.
1501 2842 2663 2895 Fabrikationswerkstätten; Werke Torgelow bei Uecker-
1501 2883 2582 2944 münde mit 2 Gießereien u. Fabrikationswerkstätten.
1503 2925 2659 2990 Tochtergesellschaften: Eisenwerk G. Meurer A.-G.,
1501 2967 2663 3034 Cossebaude-Dresden, u. Zweigwerk in Königsbrück
1503 3011 2661 3076 (Gasapparate aller Art, Herden, Feuerlöscher, hauswirt-
1503 3053 2118 3115 schaftl. Maschinen u. Geräte)
1501 3094 1842 3148 Gefolgschaft:
1965 3099 2661 3159 1932 1933 1934 1935 1936
1512 3134 1705 3194 Arbeiter
1981 3138 2088 3196 315
2125 3138 2649 3199 412 469 441 595
1503 3180 1772 3236 Angestellte
2004 3180 2097 3236 56
2139 3178 2538 3236 60 67 68
2582 3178 2649 3243 71
1498 3317 2554 3412 Vereinigte Modell- und Maschinen-
1496 3403 2106 3484 fabriken G. m. b. H.,
1496 3473 2666 3551 Landsberg (Warthe), Max.-Bahr-Str. 13/17
1496 3549 2436 3616 Fernruf: 3029. Drahtanschrift: gußmodell
1505 3595 1860 3653 Gründung: 1906.
1501 3635 2663 3716 Fabrikationsprogramm: Pumpen; Formmaschinen u.
194 3814 310 3904 610
