2796 4176
204 259 538 329 Gesellschaft
204 408 1373 498 Gesellschaft für künstl. Zug G. m. b. H.,
199 477 858 566 Berlin-Charlottenburg,
201 549 888 633 Knesebeckstraße 78/79.
201 619 1181 689 Fernruf: 91 47 97. Drahtanschrift: saugzug.
206 672 575 728 Gründung: 1907.
201 702 1375 770 Fabrikationsprogramm: Direkte u. indirekte Saugzug-
204 751 1373 814 anlagen, Abgasentstaubung, Ventilatoren für Unterwind,
201 798 1373 865 Lüftung; Entaschungsanlagen; Ekonomiser u. Luft-
206 846 380 900 erhitzer.
204 881 714 944 Kapital: RM 140 000.—.
204 916 981 983 Geschäftsführer: Georg Schwabach.
201 965 1375 1039 Bankverbindungen: Reichsbank, Deutsche Bank u. Dis-
208 1011 594 1064 conto-Ges., Berlin.
206 1048 835 1115 Geschäftsjahr: Kalenderjahr.
208 1106 981 1173 Anlagen: Maschinenbau-Werkstätte.
204 1187 1069 1271 Gesellschaft für Linde's Eis-
201 1259 742 1331 maschinen A.-G.,
208 1317 1078 1408 Wiesbaden, Hildastraße 4-10.
208 1401 1143 1473 Fernruf: 59 911. Drahtanschrift: Lindeges
208 1452 580 1505 Gründung: 1879.
208 1477 1371 1552 Fabrikationsprogramm: Anlagen: 1. Zur Erzeugung u.
213 1524 1373 1593 Anwendung von Kälte. — 2. Zur Gewinnung von
208 1568 1366 1628 Sauerstoff, Stickstoff und Edelgasen aus der Luft. —
208 1605 1375 1670 3. Zur Abscheidung von Wasserstoff aus Koksofengas
208 1647 1375 1723 oder Wassergas. — 4. Zur Verflüssigung von Luft und
208 1693 1375 1760 anderen Gasen. — 5. Zur Reinigung, Trocknung und
204 1737 1375 1800 Zerlegung v. Gasgemischen. Kompressoren f. alle Drucke.
1336 1781 1364 1835 —
297 1781 1299 1837 Kleinkältemaschinen. — Stahlflaschenventile.
208 1818 1375 1883 Preßluftwerkzeuge. — CO.-Gewinnungsanlagen. — Gas-
213 1860 1375 1923 verflüssigungsanlagen. — Elektrolytische Wasser- und
208 1911 1378 1971 Sauerstoff-Erzeugungsanlagen. — Diesel u. Gasmotoren.
208 1955 770 2013 Kapital: RM 16 133 000.—.
213 1988 1382 2050 Vorstand: Dr. phil. Friedrich Linde, Dr. ing. Richard
208 2036 1375 2094 Linde, Dipl.-Ing. Rudolf Wucherer, München; Dipl.-Ing.
208 2076 1375 2139 Otto Hippenmeyer, Dr. ing. Hugo Ombeck, Wiesbaden;
213 2125 1375 2183 Stellv.: Dipl.-Ing. Hermann Espenmüller, Sürth; Ing.
211 2164 914 2222 Richard Münzner, Aschaffenburg.
208 2192 1380 2264 Prokuristen: Obering. Albert Hoefle, Otto Flössel, Ober-
213 2248 1378 2306 ing. Friedrich Walther, Friedrich Walb, Peter Eggen-
213 2292 1375 2350 dorfer, Dr. Franz Pollitzer, Dipl.-Ing. Philipp Borchardt,
215 2331 1378 2396 Karl Webendoerfer, Karl Brunke, Theodor Schuster,
208 2380 860 2431 Obering. Wilhelm Schweichart.
213 2419 1375 2482 Aufsichtsrat: Vors.: Kommerzienrat Dr. Otto Jung,
213 2463 1380 2521 Direktor der Mainzer Aktien-Brauerei, Mainz; Stellv.:
213 2503 1375 2568 Dr. ing. e. h. Johannes Heß, i. Fa. Alexander Wacker, Ge-
211 2547 1378 2612 sellschaft für elektrochemische Industrie, G. m. b. H.,
213 2584 408 2644 München.
215 2630 1378 2688 Bankverbindungen: Reichsbank, Dresdner Bank,
213 2674 1378 2730 Deutsche Bank u. Disconto-Ges., Bankhaus Gebr. Beth-
213 2714 1378 2777 mann, Frankfurt/M.; Bayerische Hypotheken- u. Wech-
215 2760 1380 2816 sel-Bank, Bankhaus Gebr. Marx, Bankhaus Merck, Finck
218 2800 577 2860 & Cie., München.
213 2837 1385 2900 Postscheck-Konten: 433 u. 3639 Frankfurt/M.; 99 930
213 2888 645 2946 Köln; 500 München.
213 2930 842 2985 Geschäftsjahr: Kalenderjahr.
213 2974 1317 3041 Grundbesitz: 622 500 qm, davon 110 150 qm bebaut.
215 3027 1382 3090 Fabrikationsanlagen: in Wiesbaden, Augsburg, Hiltrup,
215 3071 1380 3132 Illertissen, Höllriegelskreuth, Dresden, Leipzig, Nürn-
215 3115 1382 3173 berg, Altona, Aschaffenburg, Bielefeld, Borsigwalde,
218 3157 1380 3213 Braunschweig, Erfurt, Essen, Hamburg, Hannover, Magde-
215 3199 1385 3254 burg, Mainz, Mülheim/Ruhr, Plochingen, Reisholz bei
218 3238 1385 3303 Düsseldorf, Stettin, Sürth bei Köln, Untermaubach und
220 3285 515 3340 Wilhelmsburg.
218 3322 1385 3389 Eigene Vertretung in Berlin: Ges. für Linde's Eis-
215 3368 1380 3426 maschinen A.-G., Bln.-Charlottenburg 9, Ahorn-Allee 37.
215 3408 1382 3473 Eigene Vertretung im Ausland: Ägypten, Albanien, Bel-
215 3447 1380 3519 gien, Bulgarien, Finnland, Frankreich, Griechenland, Groß-
218 3496 1385 3556 britannien, Holland, Italien, Jugoslawien, Lettland, Nor-
218 3535 1382 3593 wegen, Österreich, Polen, Portugal, Rumänien, Schweden,
218 3582 1378 3642 Schweiz, Spanien, Tschechoslowakei, Türkei, Ungarn. —
218 3628 1387 3684 China, Britisch-Indien, Iran, Japan, Malaiische Staaten,
220 3667 1375 3725 Niederländisch-Indien, Palästina, Philippinen, Syrien. —
220 3709 1387 3781 Algerien, Kongo, Britisch-Ost- u. Südafrika, Franz. u.
1508 403 2659 466 span. Marokko, Angola. — Argentinien, Brasilien, Chile
1508 452 2661 508 Costa-Rica, Ecuador, Guatemala, Haiti, Kanada, Kuba,
1508 491 2666 559 Mexiko, Paraguay, Peru, San Salvador, Uruguay, Vene-
1512 538 1807 589 zuela, U. S. A.
1508 573 2663 635 Beteiligungen: Gesellschaft für Markt- u. Kühlhallen,
1510 619 2666 675 Hamburg. — Blockeisfabrik Köln vorm. Gottfried Linde
1505 658 2663 721 G.m.b.H., Köln. — Wasserstoff-, Sauerstoffwerke G.m.b.H.,
1510 702 2666 765 Schwarzenberg i. Sa. — Heylandt Gesellschaft für Appa-
1508 740 2663 802 ratebau m. b. H., Berlin-Mariendorf. — Hydroxygen G.
1508 786 2661 844 m. b. H., Wien. — Sauerstoff- u. Wasserstoffwerke A.-G.,
1510 825 2663 888 Luzern. — Dansk Ilt. & Brintfabrik A.-S., Kopenhagen.
1524 874 1536 925 —
1552 869 2659 927 -Abello Oxigeno Linde S.-A., Barcelona. — Vereinigte
1510 909 2666 969 Sauerstoff-Werke G. m. b. H., Berlin. — Elektro Zuur-en
1512 953 2663 1011 Waterstoffabriek, Amsterdam. — Linde-Riedinger Ma-
1510 992 2668 1057 schinenfabrik A.-G., Wien. — Marx & Traube G. m. b.
1510 1039 1902 1102 H., Frankfurt a. M.
1508 1067 2666 1146 Besondere Angaben: Die Gesellschaft für Linde's Eis-
1508 1122 2663 1180 maschinen A.-G. konnte im Jahre 1929 auf ein erfolg-
1510 1164 2666 1222 reiches 50 jähriges Bestehen zurückblicken. Sie befaßte
1512 1208 2663 1269 sich in den ersten 15 Jahren nur mit der Durchbildung
1510 1250 2666 1308 und Lieferung von Maschinen und Apparaten zur Erzeu-
1510 1289 2663 1354 gung und Verwendung von Kälte. Diese Tätigkeit bildet
1512 1334 2666 1389 auch heute noch das Arbeitsgebiet der Hauptnieder-
1510 1368 2663 1440 lassung in Wiesbaden, die bis jetzt mehr als 12 000 Kälte-
1510 1417 2663 1477 maschinen in alle Welt geliefert hat. Auch betreibt sie
1515 1461 2666 1521 in Dresden, Leipzig, München und Nürnberg große
1512 1503 2666 1559 Eisfabriken und Kühlhäuser und ist an ähnlichen Unter-
1512 1545 2666 1605 nehmungen beteiligt. Ferner pflegt sie in ihrer Zweig-
1512 1589 2666 1644 niederlassung Sürth den Bau und Vertrieb von Klein-
1510 1619 2666 1695 kühlanlagen für Haushaltungen, Konditoreien, Metzge-
1512 1668 2666 1730 reien, Restaurants u. dgl. — 1895 wurde durch neue
1512 1714 2666 1777 Erfindungen Carl Lindes der Grund zu der Abteilung
1512 1756 2663 1814 für Gasverflüssigung gelegt, die sich in Höllriegels-
1510 1795 2663 1855 kreuth bei München mit dem Bau und der Lieferung
1515 1839 2663 1895 von Anlagen zur Verflüssigung von Luft, zur Gewin-
1512 1881 2666 1941 nung von Sauerstoff, Stickstoff und Edelgasen aus ver-
1512 1923 2666 1983 flüssigter Luft und zur Zerlegung anderer Gasgemische
1512 1969 2666 2029 befaßt. — 1919 Beteiligung an der Blockeisfabrik Köln
1515 2011 2668 2062 von Gottfried Linde G. m. b. H., Köln. — 1920 wurde
1512 2050 2659 2106 die Maschinenfabrik Sürth bei Köln angegliedert. —
1517 2097 2663 2152 1926 Erwerb der Firma G. H. Walb & Co., Mainz. —
1515 2136 2663 2192 1927 kam es zu einem Abkommen in der deutschen
1515 2173 2663 2245 Kälteindustrie zwischen Linde einerseits und MAN
1515 2222 2663 2275 und Maschinenfabrik Eßlingen andererseits. Die ge-
1512 2257 2663 2320 samte Herstellung von Kälteanlagen, die bisher MAN
1517 2301 2666 2371 und Eßlingen für sich getrennt vornahm, ist in der Ma-
1515 2350 2666 2410 schinenfabrik Eßlingen zusammengelegt, die nach dem
1517 2389 2668 2452 System Linde die Produktion von Großkältemaschinen
1515 2433 2666 2491 übernahm. — 1929 wurde die Güldnermotoren G. m. b. H.,
1517 2477 2668 2535 Aschaffenburg, von der Gesellschaft als Zweignieder-
1517 2517 2668 2577 lassung übernommen und dadurch auch der Bau von
1515 2561 2666 2621 Dieselmotoren in das Fabrikationsprogramm aufgenom-
1517 2596 2666 2661 men. — 1930 wurde das durch Brand teilweise zerstörte
1517 2640 2666 2709 Azetylenwerk in Berlin-Borsigwalde wieder aufgebaut
1517 2684 2666 2746 und Anfang April 1931 wieder in Betrieb genommen. In
1517 2730 2666 2793 Essen wurde ein neues Azetylenwerk in Gang gesetzt.
1517 2772 2668 2828 Die Gesellschaft erwarb ferner die Azetylenwerk Müggen-
1517 2809 2666 2874 burg G. m. b. H. — 1931 Beteiligung an der Fa. Marx &
1517 2853 2666 2913 Traube G. m. b. H., Frankfurt/M. mit 50 %, ab 1935 mit
1517 2895 2666 2958 100 % des Kapitals. — 1934 Bau eines Kühlhauses in Mün-
1517 2937 2663 2995 chen. Der Bau wurde im November 1934 begonnen. —
1517 2976 2668 3039 1935 Inbetriebnahme des neuen Kühlhauses in München.
1517 3022 2666 3083 Bau des Linde-Stadions Nürnberg, das eine Freiluftkunst-
1517 3067 2668 3125 bahn und ein Freiluftbad umfaßt. — 1936 Inbetriebnahme
1517 3106 2185 3169 des Linde-Stadions in Nürnberg.
1519 3145 2661 3208 Weiter betreibt die Gesellscbaft Eisfabriken und Kühl-
1517 3185 2666 3259 häuser sowie Werke zur Erzeugung von Sauerstoff,
1517 3234 2663 3296 gasförmigem Stickstoff (dieser dient als Füllgas für
1517 3275 2666 3343 Glühlampen und als Schutzgas für Benzintanks usw.),
1524 3329 2164 3380 Argon und gelöstem Azetylen.
1519 3363 2417 3440 Gefolgschaft: Arbeiter Angestellte
2445 3354 2635 3415 Umsatz
2450 3394 2659 3466 in Mill. RM
1626 3447 1737 3510 1930
1939 3445 2051 3510 2104
2211 3435 2297 3496 760
2503 3442 2605 3496 45,00
1628 3493 1726 3551 1931
1942 3489 2041 3551 1617
2213 3489 2290 3547 710
2503 3489 2608 3542 30,00
1626 3533 1721 3593 1932
1944 3533 2030 3593 1425
2215 3531 2287 3586 708
2505 3528 2608 3586 19,00
1631 3577 1721 3637 1933
1942 3572 2037 3635 1573
2215 3577 2285 3635 661
2503 3570 2605 3628 19,00
1628 3621 1721 3679 1934
1944 3616 2037 3677 1847
2213 3612 2287 3674 708
2503 3614 2605 3672 24,00
1631 3663 1721 3721 1935
1944 3658 2034 3718 2335
2213 3658 2283 3718 797
2501 3651 2603 3718 34,00
1628 3702 1724 3779 1936
1937 3700 2039 3788 2640
2215 3705 2290 3769 860
2501 3691 2608 3772 34,00
218 3881 327 3995 196
