<?xml version="1.0" encoding="UTF-8"  standalone="yes"?>
<PcGts xmlns="http://schema.primaresearch.org/PAGE/gts/pagecontent/2019-07-15" xmlns:xsi="http://www.w3.org/2001/XMLSchema-instance" xsi:schemaLocation="http://schema.primaresearch.org/PAGE/gts/pagecontent/2019-07-15 http://schema.primaresearch.org/PAGE/gts/pagecontent/2019-07-15/pagecontent.xsd">
  <Metadata>
	<Creator>escriptorium</Creator>
	<Created>2024-11-07T08:35:49.256411+00:00</Created>
        <LastChange>2024-11-07T08:35:49.256432+00:00</LastChange>
  </Metadata>
  <Page imageFilename="maschinenindustrie_1937_0497.jpg" imageWidth="2796" imageHeight="4176">
    <TextRegion id="r_1_1"  >
      <Coords points="206,256 1470,256 1470,337 206,337"/>
      <TextLine id="eSc_line_188f64a5" >
        <Coords points="1454,257 1431,257 1408,257 1385,257 1362,257 1338,257 1315,255 1292,255 1269,255 1246,255 1222,255 1199,255 1176,252 1153,252 1148,252 1132,257 1123,252 1106,252 1083,252 1060,250 1037,250 1023,250 900,257 830,262 793,259 754,255 735,257 712,257 689,257 665,259 645,259 607,264 603,262 596,262 573,262 566,262 566,264 561,262 549,264 526,264 503,264 480,266 457,266 433,269 410,269 387,269 364,271 341,271 317,271 294,273 271,273 248,276 245,276 204,306 204,334 1466,315 1468,292 1466,283 1454,257"/>
        <Baseline points="204,306 1468,292"/>
        <TextEquiv>
          <Unicode>Sächsische Cartonnagen — Sächsische Manometer</Unicode>
        </TextEquiv>
      </TextLine>
    </TextRegion>
    <TextRegion id="r_2_1"  >
      <Coords points="202,411 1392,411 1392,2074 202,2074"/>
      <TextLine id="eSc_line_b0e96b3e" >
        <Coords points="1246,415 1234,410 1146,410 1136,406 1130,406 1106,406 1083,406 1060,406 1046,403 1023,410 1020,410 974,403 967,403 944,403 921,403 897,403 877,403 816,412 795,415 777,412 682,401 679,401 677,401 647,415 640,417 635,415 603,401 600,401 598,401 596,401 594,401 594,403 582,412 568,403 566,403 563,403 561,403 559,403 517,415 508,417 494,415 408,403 406,403 403,403 364,417 350,422 338,417 315,406 313,406 310,406 201,417 204,468 204,487 301,501 303,501 306,501 308,501 324,489 410,498 413,498 508,484 800,494 802,494 858,482 1213,487 1215,487 1218,487 1252,470 1252,452 1248,417 1246,415"/>
        <Baseline points="204,468 1252,452"/>
        <TextEquiv>
          <Unicode>Sächsische Cartonnagen-Maschinen-</Unicode>
        </TextEquiv>
      </TextLine>
      <TextLine id="eSc_line_8ca04e71" >
        <Coords points="201,535 199,561 394,568 399,540 399,503 313,484 310,484 308,484 306,484 306,487 287,503 285,505 257,505 255,503 234,484 232,484 229,484 227,484 225,484 222,484 201,498 201,535"/>
        <Baseline points="201,535 399,540"/>
        <TextEquiv>
          <Unicode>A.-G.,</Unicode>
        </TextEquiv>
      </TextLine>
      <TextLine id="eSc_line_73ec1805" >
        <Coords points="199,612 199,628 1232,619 1232,600 1229,559 1183,538 1181,538 1178,538 1176,538 1130,552 1111,538 1109,538 1106,538 1023,538 1020,538 1018,538 1016,538 986,556 983,559 965,556 872,545 870,545 800,556 770,561 761,556 744,542 742,542 740,542 663,542 661,542 658,542 656,542 638,556 628,561 610,554 575,545 573,545 570,545 568,545 549,554 533,563 498,554 484,552 482,552 480,552 461,554 401,566 373,554 357,547 355,547 352,547 350,547 348,547 348,549 341,554 327,566 197,554 199,612"/>
        <Baseline points="199,612 1232,600"/>
        <TextEquiv>
          <Unicode>Dresden-A. 16, Blasewitzer Str. 21.</Unicode>
        </TextEquiv>
      </TextLine>
      <TextLine id="eSc_line_f8c4986a" >
        <Coords points="206,677 206,705 1127,689 1130,668 1125,638 981,624 979,624 870,638 853,638 849,638 826,626 823,626 821,626 819,626 816,626 802,638 798,638 781,638 677,626 675,626 605,638 580,640 566,638 538,628 535,628 443,628 440,628 438,628 436,628 424,638 410,642 204,638 206,677"/>
        <Baseline points="206,677 1130,668"/>
        <TextEquiv>
          <Unicode>Fernruf: 64 021. Drahtanschrift: remusco</Unicode>
        </TextEquiv>
      </TextLine>
      <TextLine id="eSc_line_cb7fc585" >
        <Coords points="208,719 208,737 573,742 575,719 573,686 208,686 208,719"/>
        <Baseline points="208,719 575,719"/>
        <TextEquiv>
          <Unicode>Gründung: 1894.</Unicode>
        </TextEquiv>
      </TextLine>
      <TextLine id="eSc_line_f6d67cbc" >
        <Coords points="208,763 208,786 1375,770 1375,744 1368,712 206,728 208,763"/>
        <Baseline points="208,763 1375,744"/>
        <TextEquiv>
          <Unicode>Fabrikationsprogramm: Kartonagen- u. Koffer-Maschi-</Unicode>
        </TextEquiv>
      </TextLine>
      <TextLine id="eSc_line_54f1d512" >
        <Coords points="206,802 206,828 1371,809 1373,788 1366,756 204,767 206,802"/>
        <Baseline points="206,802 1373,788"/>
        <TextEquiv>
          <Unicode>nen. Hohlnieten, Klammern, Beschläge für Koffer-</Unicode>
        </TextEquiv>
      </TextLine>
      <TextLine id="eSc_line_872ce356" >
        <Coords points="206,846 206,867 1371,858 1373,830 1366,802 204,812 206,846"/>
        <Baseline points="206,846 1373,830"/>
        <TextEquiv>
          <Unicode>industrie. Druck- u. Stanzautomaten (Tiegel-, Rotations-</Unicode>
        </TextEquiv>
      </TextLine>
      <TextLine id="eSc_line_2c655350" >
        <Coords points="208,888 208,909 1371,893 1373,872 1366,844 206,853 208,888"/>
        <Baseline points="208,888 1373,872"/>
        <TextEquiv>
          <Unicode>druck, mehrfarbig). Biegeautomaten, automat. Stanz-</Unicode>
        </TextEquiv>
      </TextLine>
      <TextLine id="eSc_line_731b5a0d" >
        <Coords points="211,930 211,948 1373,944 1375,916 1368,881 208,895 211,930"/>
        <Baseline points="211,930 1375,916"/>
        <TextEquiv>
          <Unicode>tiegel. Radio- u. Akku-Kleinteile. Niet- u. Plombier-</Unicode>
        </TextEquiv>
      </TextLine>
      <TextLine id="eSc_line_31dd6db9" >
        <Coords points="208,972 208,995 1371,985 1373,958 1366,930 206,934 208,972"/>
        <Baseline points="208,972 1373,958"/>
        <TextEquiv>
          <Unicode>maschinen. Maschinen zur Herstellung von Banderolen,</Unicode>
        </TextEquiv>
      </TextLine>
      <TextLine id="eSc_line_d51ec192" >
        <Coords points="211,1013 211,1034 1373,1020 1375,999 1368,972 208,976 211,1013"/>
        <Baseline points="211,1013 1375,999"/>
        <TextEquiv>
          <Unicode>Bechern, Beuteln, Bierglasuntersetzen, Briefordnern, Eti-</Unicode>
        </TextEquiv>
      </TextLine>
      <TextLine id="eSc_line_448eafa9" >
        <Coords points="208,1057 208,1085 1375,1062 1378,1041 1371,1011 206,1025 208,1057"/>
        <Baseline points="208,1057 1378,1041"/>
        <TextEquiv>
          <Unicode>ketten, Elementhülsen, Gebäckschachteln, Massenpackun-</Unicode>
        </TextEquiv>
      </TextLine>
      <TextLine id="eSc_line_3049dd34" >
        <Coords points="211,1102 211,1129 1373,1104 1375,1085 1368,1055 208,1069 211,1102"/>
        <Baseline points="211,1102 1375,1085"/>
        <TextEquiv>
          <Unicode>packungen, Metallfolienpackungen, Milchflaschen, Ziga-</Unicode>
        </TextEquiv>
      </TextLine>
      <TextLine id="eSc_line_681b7b12" >
        <Coords points="211,1139 211,1164 1375,1153 1378,1129 1371,1102 208,1108 211,1139"/>
        <Baseline points="211,1139 1378,1129"/>
        <TextEquiv>
          <Unicode>rettenpackungen; Kappen-, Vorstehrand- u. Rundschach-</Unicode>
        </TextEquiv>
      </TextLine>
      <TextLine id="eSc_line_ba127b6d" >
        <Coords points="211,1183 211,1201 649,1199 652,1178 645,1148 208,1148 211,1183"/>
        <Baseline points="211,1183 652,1178"/>
        <TextEquiv>
          <Unicode>teln für alle Zwecke.</Unicode>
        </TextEquiv>
      </TextLine>
      <TextLine id="eSc_line_79f86665" >
        <Coords points="213,1227 213,1252 698,1241 700,1220 693,1187 211,1192 213,1227"/>
        <Baseline points="213,1227 700,1220"/>
        <TextEquiv>
          <Unicode>Kapital: RM 600 000.—</Unicode>
        </TextEquiv>
      </TextLine>
      <TextLine id="eSc_line_f51bc978" >
        <Coords points="401,1224 382,1224 373,1227 368,1227 211,1236 213,1269 213,1287 501,1296 503,1296 858,1280 1058,1287 1060,1287 1062,1287 1090,1276 1345,1282 1348,1282 1350,1282 1382,1269 1382,1250 1378,1220 1306,1208 1304,1208 1301,1208 1299,1208 1285,1220 1239,1211 1236,1211 1150,1222 1146,1222 1143,1222 1111,1211 1109,1211 1106,1211 1104,1211 1078,1224 1076,1224 1065,1224 990,1215 988,1215 939,1227 935,1227 932,1227 923,1218 923,1215 921,1215 918,1215 795,1215 793,1215 663,1229 642,1231 603,1231 403,1224 401,1224"/>
        <Baseline points="213,1269 1382,1250"/>
        <TextEquiv>
          <Unicode>Vorstand: Direktor Friedrich Ernsting, Direktor Mo-</Unicode>
        </TextEquiv>
      </TextLine>
      <TextLine id="eSc_line_1f2bbcb5" >
        <Coords points="213,1310 213,1331 396,1336 399,1310 396,1278 213,1278 213,1310"/>
        <Baseline points="213,1310 399,1310"/>
        <TextEquiv>
          <Unicode>ritz Abt.</Unicode>
        </TextEquiv>
      </TextLine>
      <TextLine id="eSc_line_df542dce" >
        <Coords points="211,1352 211,1373 1380,1357 1380,1336 1373,1292 208,1315 211,1352"/>
        <Baseline points="211,1352 1380,1336"/>
        <TextEquiv>
          <Unicode>Prokuristen: Dir. Richard Puschmann, Dir. Horst Liske.</Unicode>
        </TextEquiv>
      </TextLine>
      <TextLine id="eSc_line_1f8c45c6" >
        <Coords points="215,1398 215,1419 1046,1415 1067,1415 1213,1401 1375,1410 1380,1382 1375,1352 545,1352 542,1352 213,1366 215,1398"/>
        <Baseline points="215,1398 1380,1382"/>
        <TextEquiv>
          <Unicode>Aufsichtsrat: Vors.: Dr. Georg Kanz; Stellv.: Walter</Unicode>
        </TextEquiv>
      </TextLine>
      <TextLine id="eSc_line_925c2347" >
        <Coords points="213,1438 213,1459 619,1456 621,1431 617,1401 211,1401 213,1438"/>
        <Baseline points="213,1438 621,1431"/>
        <TextEquiv>
          <Unicode>Karklinat, Dresden.</Unicode>
        </TextEquiv>
      </TextLine>
      <TextLine id="eSc_line_c88f390a" >
        <Coords points="213,1482 213,1501 1380,1480 1382,1459 1375,1429 211,1445 213,1482"/>
        <Baseline points="213,1482 1382,1459"/>
        <TextEquiv>
          <Unicode>Bankverbindungen: Reichsbank, Dresdner Bank, All-</Unicode>
        </TextEquiv>
      </TextLine>
      <TextLine id="eSc_line_0360b6c6" >
        <Coords points="215,1521 215,1547 1380,1526 1382,1505 1375,1475 213,1489 215,1521"/>
        <Baseline points="215,1521 1382,1505"/>
        <TextEquiv>
          <Unicode>gemeine Deutsche Credit-Anstalt, Dresden; Deutsch-Süd-</Unicode>
        </TextEquiv>
      </TextLine>
      <TextLine id="eSc_line_9628857b" >
        <Coords points="218,1561 218,1582 1148,1586 1150,1586 1385,1570 1385,1549 1378,1517 215,1528 218,1561"/>
        <Baseline points="218,1561 1385,1549"/>
        <TextEquiv>
          <Unicode>amerikanische Bank, Hamburg; Deutsch-Überseeische</Unicode>
        </TextEquiv>
      </TextLine>
      <TextLine id="eSc_line_98f1a177" >
        <Coords points="215,1605 215,1624 496,1626 501,1600 496,1570 213,1568 215,1605"/>
        <Baseline points="215,1605 501,1600"/>
        <TextEquiv>
          <Unicode>Bank, Berlin.</Unicode>
        </TextEquiv>
      </TextLine>
      <TextLine id="eSc_line_75e57b67" >
        <Coords points="218,1647 218,1670 932,1661 932,1637 925,1607 215,1610 218,1647"/>
        <Baseline points="218,1647 932,1637"/>
        <TextEquiv>
          <Unicode>Postscheck-Konto: 771 Dresden.</Unicode>
        </TextEquiv>
      </TextLine>
      <TextLine id="eSc_line_0f2d9a9d" >
        <Coords points="218,1691 218,1712 846,1702 849,1681 842,1651 215,1658 218,1691"/>
        <Baseline points="218,1691 849,1681"/>
        <TextEquiv>
          <Unicode>Geschäftsjahr: Kalenderjahr.</Unicode>
        </TextEquiv>
      </TextLine>
      <TextLine id="eSc_line_4ff4357d" >
        <Coords points="218,1753 218,1772 1208,1763 1211,1742 1204,1698 215,1719 218,1753"/>
        <Baseline points="218,1753 1211,1742"/>
        <TextEquiv>
          <Unicode>Grundbesitz: 7000 qm, davon 4000 qm bebaut.</Unicode>
        </TextEquiv>
      </TextLine>
      <TextLine id="eSc_line_f7d1e035" >
        <Coords points="220,1797 220,1816 1385,1797 1387,1779 1380,1744 218,1758 220,1797"/>
        <Baseline points="220,1797 1387,1779"/>
        <TextEquiv>
          <Unicode>Anlagen: Maschinenbau-Werkstätten mit den erforder-</Unicode>
        </TextEquiv>
      </TextLine>
      <TextLine id="eSc_line_309e91ae" >
        <Coords points="218,1839 218,1862 1387,1844 1387,1825 1380,1793 215,1797 218,1839"/>
        <Baseline points="218,1839 1387,1825"/>
        <TextEquiv>
          <Unicode>lichen Nebenbetrieben u. Kleinmetallwarenfabrikations-</Unicode>
        </TextEquiv>
      </TextLine>
      <TextLine id="eSc_line_7973e44e" >
        <Coords points="220,1879 220,1907 361,1897 364,1876 359,1849 218,1846 220,1879"/>
        <Baseline points="220,1879 364,1876"/>
        <TextEquiv>
          <Unicode>räume.</Unicode>
        </TextEquiv>
      </TextLine>
      <TextLine id="eSc_line_13efb0bd" >
        <Coords points="355,1879 352,1879 352,1881 343,1890 341,1893 218,1893 220,1925 220,1944 1292,1930 1294,1907 1290,1876 489,1876 487,1876 484,1876 454,1888 452,1888 445,1888 359,1879 357,1879 355,1879"/>
        <Baseline points="220,1925 1294,1907"/>
        <TextEquiv>
          <Unicode>Eigene Vertretungen im Ausland: Auf Anfrage.</Unicode>
        </TextEquiv>
      </TextLine>
      <TextLine id="eSc_line_ab1804c1" >
        <Coords points="220,1965 220,1990 1389,1967 1389,1948 1382,1918 218,1932 220,1965"/>
        <Baseline points="220,1965 1389,1948"/>
        <TextEquiv>
          <Unicode>Tochtergesellschaft: „Metama“ Metallwaren- u. Ma-</Unicode>
        </TextEquiv>
      </TextLine>
      <TextLine id="eSc_line_46f61dda" >
        <Coords points="220,2004 220,2032 1315,2020 1315,1990 1308,1960 218,1969 220,2004"/>
        <Baseline points="220,2004 1315,1990"/>
        <TextEquiv>
          <Unicode>schinenfabrik G. m. b. H., Bodenbach a. E. (100%).</Unicode>
        </TextEquiv>
      </TextLine>
      <TextLine id="eSc_line_39d3d4cc" >
        <Coords points="218,2050 218,2069 619,2064 619,2046 612,2011 215,2013 218,2050"/>
        <Baseline points="218,2050 619,2046"/>
        <TextEquiv>
          <Unicode>Gefolgschaft: 470.</Unicode>
        </TextEquiv>
      </TextLine>
    </TextRegion>
    <TextRegion id="r_4_1"  >
      <Coords points="1501,395 2680,395 2680,1505 1501,1505"/>
      <TextLine id="eSc_line_7035c038" >
        <Coords points="2635,399 2612,399 2589,399 2566,399 2543,399 2519,399 2496,399 2473,399 2450,399 2427,399 2403,399 2380,399 2357,399 2334,399 2311,399 2287,399 2264,399 2241,399 2218,399 2195,399 2171,399 2148,399 2125,399 2102,399 2079,399 2055,399 2032,399 2009,399 1986,399 1963,399 1939,399 1916,399 1893,399 1870,399 1846,399 1823,399 1800,399 1777,399 1754,399 1730,399 1707,399 1684,399 1661,399 1638,399 1614,399 1591,399 1568,399 1545,399 1522,399 1498,399 1501,433 1501,457 2659,447 2661,419 2654,399 2635,399"/>
        <Baseline points="1501,433 2661,419"/>
        <TextEquiv>
          <Unicode>Drahtzieherei; Versuchsanstalt mit chemischen, physika-</Unicode>
        </TextEquiv>
      </TextLine>
      <TextLine id="eSc_line_465ba35f" >
        <Coords points="1503,477 1503,498 2656,491 2659,466 2652,433 1501,447 1503,477"/>
        <Baseline points="1503,477 2659,466"/>
        <TextEquiv>
          <Unicode>lischen u. metallographischen Laboratorien. — Werk</Unicode>
        </TextEquiv>
      </TextLine>
      <TextLine id="eSc_line_306a1d5e" >
        <Coords points="1503,519 1503,538 2661,528 2663,510 2656,480 1501,487 1503,519"/>
        <Baseline points="1503,519 2663,510"/>
        <TextEquiv>
          <Unicode>Cainsdorf i. Sachsen (Königin Marienhütte): Weichenbau-</Unicode>
        </TextEquiv>
      </TextLine>
      <TextLine id="eSc_line_b1d6da42" >
        <Coords points="1508,561 1508,586 2659,580 2661,549 2654,522 1505,526 1508,561"/>
        <Baseline points="1508,561 2661,549"/>
        <TextEquiv>
          <Unicode>u. Maschinenreparaturwerkstätte. — Werk Pirna: Walz-</Unicode>
        </TextEquiv>
      </TextLine>
      <TextLine id="eSc_line_a6f54ca1" >
        <Coords points="1505,600 1503,617 1624,621 1628,605 1626,568 1505,568 1505,600"/>
        <Baseline points="1505,600 1628,605"/>
        <TextEquiv>
          <Unicode>werk.</Unicode>
        </TextEquiv>
      </TextLine>
      <TextLine id="eSc_line_b152bf47" >
        <Coords points="1503,647 1503,665 2668,651 2668,633 2661,596 1501,612 1503,647"/>
        <Baseline points="1503,647 2668,633"/>
        <TextEquiv>
          <Unicode>Erzgrubenfelder in Sachsen u. Thüringen. Größe der</Unicode>
        </TextEquiv>
      </TextLine>
      <TextLine id="eSc_line_d3515aba" >
        <Coords points="1505,686 1505,707 2067,705 2069,679 2062,651 1503,651 1505,686"/>
        <Baseline points="1505,686 2069,679"/>
        <TextEquiv>
          <Unicode>Grubenfelder: 7 150 000 qm.</Unicode>
        </TextEquiv>
      </TextLine>
      <TextLine id="eSc_line_dfa80b82" >
        <Coords points="1505,730 1505,751 2663,740 2666,714 2659,684 1503,689 1505,730"/>
        <Baseline points="1505,730 2666,714"/>
        <TextEquiv>
          <Unicode>Tochtergesellschaften: Sächsische Gußstahl-Handels-</Unicode>
        </TextEquiv>
      </TextLine>
      <TextLine id="eSc_line_969dd381" >
        <Coords points="1505,772 1505,798 2663,784 2666,760 2659,730 1503,740 1505,772"/>
        <Baseline points="1505,772 2666,760"/>
        <TextEquiv>
          <Unicode>gesellschaft m. b. H., Berlin-Tempelhof (100%); Zweck:</Unicode>
        </TextEquiv>
      </TextLine>
      <TextLine id="eSc_line_b90fb4b3" >
        <Coords points="1508,812 1508,832 2663,830 2666,805 2659,777 1505,781 1508,812"/>
        <Baseline points="1508,812 2666,805"/>
        <TextEquiv>
          <Unicode>Werkhandelsgesellschaft. — Ravené Stahl Ak. A.-G.,</Unicode>
        </TextEquiv>
      </TextLine>
      <TextLine id="eSc_line_e25e6b77" >
        <Coords points="1505,853 1505,876 2582,872 2584,844 2577,814 1503,821 1505,853"/>
        <Baseline points="1505,853 2584,844"/>
        <TextEquiv>
          <Unicode>Berlin (26%); Zweck: Handel mit Stahlerzeugnissen.</Unicode>
        </TextEquiv>
      </TextLine>
      <TextLine id="eSc_line_efcb783c" >
        <Coords points="1505,897 1505,923 2668,909 2668,883 2661,853 1503,860 1505,897"/>
        <Baseline points="1505,897 2668,883"/>
        <TextEquiv>
          <Unicode>Besondere Angaben: 1927/28 wurden die Werksanlagen</Unicode>
        </TextEquiv>
      </TextLine>
      <TextLine id="eSc_line_25b0f4e0" >
        <Coords points="1508,939 1508,955 2663,946 2666,927 2659,897 1505,907 1508,939"/>
        <Baseline points="1508,939 2666,927"/>
        <TextEquiv>
          <Unicode>weiter ausgebaut u. neuzeitlich überholt. — 1928/29 Er-</Unicode>
        </TextEquiv>
      </TextLine>
      <TextLine id="eSc_line_d0c54b1d" >
        <Coords points="1508,981 1508,997 2654,988 2656,969 2649,937 1505,946 1508,981"/>
        <Baseline points="1508,981 2656,969"/>
        <TextEquiv>
          <Unicode>werb des Stahlwerkes Pirna Gebr. Hunger, Pirna. —</Unicode>
        </TextEquiv>
      </TextLine>
      <TextLine id="eSc_line_6341fabf" >
        <Coords points="1510,1023 1510,1041 2663,1039 2666,1013 2659,983 1508,985 1510,1023"/>
        <Baseline points="1510,1023 2666,1013"/>
        <TextEquiv>
          <Unicode>1931 die bisher bei der Berliner Werkshandels G. m. b.</Unicode>
        </TextEquiv>
      </TextLine>
      <TextLine id="eSc_line_a6ff9594" >
        <Coords points="1508,1064 1508,1085 2666,1078 2668,1053 2661,1025 1505,1032 1508,1064"/>
        <Baseline points="1508,1064 2668,1053"/>
        <TextEquiv>
          <Unicode>H. geführte Beteiligung an der Ravené Stahl A.-G., Ber-</Unicode>
        </TextEquiv>
      </TextLine>
      <TextLine id="eSc_line_93f7c5be" >
        <Coords points="1510,1108 1510,1129 2661,1118 2663,1097 2656,1064 1508,1076 1510,1108"/>
        <Baseline points="1510,1108 2663,1097"/>
        <TextEquiv>
          <Unicode>lin, übernahm die Gesellschaft in eigenen Besitz. —</Unicode>
        </TextEquiv>
      </TextLine>
      <TextLine id="eSc_line_9cacecd2" >
        <Coords points="1508,1148 1508,1169 2668,1164 2670,1136 2663,1104 1505,1118 1508,1148"/>
        <Baseline points="1508,1148 2670,1136"/>
        <TextEquiv>
          <Unicode>Da die allgem. Aufwärtsbewegung sich ständig fortgesetzt</Unicode>
        </TextEquiv>
      </TextLine>
      <TextLine id="eSc_line_93883740" >
        <Coords points="1510,1190 1510,1213 2666,1199 2668,1178 2661,1150 1508,1160 1510,1190"/>
        <Baseline points="1510,1190 2668,1178"/>
        <TextEquiv>
          <Unicode>hat, brachte sie auch der Gesellschaft gesteigerte Pro-</Unicode>
        </TextEquiv>
      </TextLine>
      <TextLine id="eSc_line_1eca13d0" >
        <Coords points="1510,1231 1510,1252 2673,1243 2673,1222 2666,1192 1508,1199 1510,1231"/>
        <Baseline points="1510,1231 2673,1222"/>
        <TextEquiv>
          <Unicode>duktion u. Absatz. Von der Firma wurden eine Reihe</Unicode>
        </TextEquiv>
      </TextLine>
      <TextLine id="eSc_line_b02244af" >
        <Coords points="1512,1273 1512,1294 2668,1287 2670,1264 2663,1234 1510,1238 1512,1273"/>
        <Baseline points="1512,1273 2670,1264"/>
        <TextEquiv>
          <Unicode>von Maßnahmen durchgeführt, um auch ihrerseits zu der</Unicode>
        </TextEquiv>
      </TextLine>
      <TextLine id="eSc_line_6a97bcd4" >
        <Coords points="1512,1315 1512,1334 2666,1336 2670,1308 2663,1278 1510,1282 1512,1315"/>
        <Baseline points="1512,1315 2670,1308"/>
        <TextEquiv>
          <Unicode>weiteren Verminderung der Arbeitslosigkeit beizutragen.</Unicode>
        </TextEquiv>
      </TextLine>
      <TextLine id="eSc_line_d0352f6a" >
        <Coords points="1510,1361 1510,1378 2668,1373 2668,1347 2661,1317 1508,1324 1510,1361"/>
        <Baseline points="1510,1361 2668,1347"/>
        <TextEquiv>
          <Unicode>Hierunter fallen Neu- u. Umbauten, Instandsetzungen,</Unicode>
        </TextEquiv>
      </TextLine>
      <TextLine id="eSc_line_0a926987" >
        <Coords points="1517,1398 1517,1422 2668,1412 2670,1389 2663,1361 1515,1368 1517,1398"/>
        <Baseline points="1517,1398 2670,1389"/>
        <TextEquiv>
          <Unicode>Anschaffungen verschiedener Art sowie im Interesse der</Unicode>
        </TextEquiv>
      </TextLine>
      <TextLine id="eSc_line_448a428d" >
        <Coords points="1515,1443 1515,1466 2666,1466 2668,1431 2661,1401 1512,1410 1515,1443"/>
        <Baseline points="1515,1443 2668,1431"/>
        <TextEquiv>
          <Unicode>Gefolgschaft geschaffene umfangreiche Verbesserungen</Unicode>
        </TextEquiv>
      </TextLine>
      <TextLine id="eSc_line_9b781875" >
        <Coords points="1512,1487 1512,1508 1956,1512 1958,1482 1951,1452 1510,1454 1512,1487"/>
        <Baseline points="1512,1487 1958,1482"/>
        <TextEquiv>
          <Unicode>auf sozialem Gebiete.</Unicode>
        </TextEquiv>
      </TextLine>
    </TextRegion>
    <TextRegion id="r_3_1"  >
      <Coords points="217,2169 1409,2169 1409,3762 217,3762"/>
      <TextLine id="eSc_line_01b07041" >
        <Coords points="218,2224 218,2243 988,2245 990,2215 983,2169 830,2169 798,2157 795,2157 793,2157 696,2173 684,2173 682,2173 652,2159 649,2159 647,2159 645,2159 614,2173 589,2162 587,2162 584,2162 501,2176 496,2176 477,2162 475,2162 473,2162 471,2162 468,2162 466,2162 445,2176 443,2178 352,2178 338,2166 338,2164 336,2164 334,2164 245,2164 243,2164 241,2164 215,2176 218,2224"/>
        <Baseline points="218,2224 990,2215"/>
        <TextEquiv>
          <Unicode>Sächsische Gußstahlwerke</Unicode>
        </TextEquiv>
      </TextLine>
      <TextLine id="eSc_line_00fa952c" >
        <Coords points="218,2296 218,2317 654,2317 654,2296 654,2259 614,2259 610,2257 584,2236 582,2236 580,2236 577,2236 575,2236 573,2236 547,2252 538,2257 515,2250 477,2241 475,2241 473,2241 471,2241 454,2248 429,2257 380,2243 359,2238 357,2238 355,2238 352,2238 343,2241 329,2248 218,2236 218,2296"/>
        <Baseline points="218,2296 654,2296"/>
        <TextEquiv>
          <Unicode>Döhlen A.-G.,</Unicode>
        </TextEquiv>
      </TextLine>
      <TextLine id="eSc_line_41d0640f" >
        <Coords points="218,2371 218,2394 858,2396 860,2396 863,2396 911,2382 911,2364 909,2322 851,2306 849,2306 846,2306 844,2306 842,2306 819,2320 765,2306 763,2306 761,2306 758,2306 756,2306 735,2320 730,2320 649,2308 647,2308 645,2308 600,2320 584,2322 561,2320 494,2308 491,2308 489,2308 454,2317 440,2322 429,2317 413,2310 410,2310 408,2310 359,2317 310,2324 215,2317 218,2371"/>
        <Baseline points="218,2371 911,2364"/>
        <TextEquiv>
          <Unicode>Freital (Bez. Dresden).</Unicode>
        </TextEquiv>
      </TextLine>
      <TextLine id="eSc_line_13b6f29b" >
        <Coords points="220,2445 220,2473 860,2459 863,2438 856,2396 640,2408 566,2405 438,2398 436,2398 433,2398 410,2410 408,2410 394,2410 232,2401 229,2401 227,2401 225,2401 225,2403 218,2408 220,2445"/>
        <Baseline points="220,2445 863,2438"/>
        <TextEquiv>
          <Unicode>Fernruf: 67 20 15 u. 67 34 83.</Unicode>
        </TextEquiv>
      </TextLine>
      <TextLine id="eSc_line_280b4c1c" >
        <Coords points="222,2494 222,2512 823,2500 826,2482 819,2452 220,2456 222,2494"/>
        <Baseline points="222,2494 826,2482"/>
        <TextEquiv>
          <Unicode>Drahtanschrift: döhlenstahl</Unicode>
        </TextEquiv>
      </TextLine>
      <TextLine id="eSc_line_4c2190aa" >
        <Coords points="220,2531 220,2558 921,2545 923,2524 916,2494 218,2494 220,2531"/>
        <Baseline points="220,2531 923,2524"/>
        <TextEquiv>
          <Unicode>Gründung: 1855; seit 1862 A.-G.</Unicode>
        </TextEquiv>
      </TextLine>
      <TextLine id="eSc_line_a5893588" >
        <Coords points="222,2577 222,2596 1396,2584 1396,2558 1394,2528 1341,2514 1338,2514 1336,2514 1250,2528 1236,2517 1234,2517 1232,2517 1104,2517 1102,2517 1018,2531 958,2519 955,2519 953,2519 951,2519 930,2533 928,2535 220,2540 222,2577"/>
        <Baseline points="222,2577 1396,2558"/>
        <TextEquiv>
          <Unicode>Fabrikationsprogramm: Siemens-Martin-Stahl in allen</Unicode>
        </TextEquiv>
      </TextLine>
      <TextLine id="eSc_line_6647eb52" >
        <Coords points="220,2614 220,2637 1392,2623 1394,2603 1387,2575 218,2582 220,2614"/>
        <Baseline points="220,2614 1394,2603"/>
        <TextEquiv>
          <Unicode>Festigkeitsgraden für die verschiedensten Verwendungs-</Unicode>
        </TextEquiv>
      </TextLine>
      <TextLine id="eSc_line_52c2fe1d" >
        <Coords points="222,2658 222,2688 278,2677 519,2684 587,2684 589,2684 591,2684 594,2684 596,2681 614,2672 823,2677 981,2679 983,2679 1389,2663 1392,2644 1385,2614 220,2628 222,2658"/>
        <Baseline points="222,2658 1392,2644"/>
        <TextEquiv>
          <Unicode>zwecke (Einsatz-, Wasser- u. Ölhartung, gewalzt, ge-</Unicode>
        </TextEquiv>
      </TextLine>
      <TextLine id="eSc_line_5d16e044" >
        <Coords points="225,2698 225,2721 1392,2702 1394,2684 1387,2649 222,2670 225,2698"/>
        <Baseline points="225,2698 1394,2684"/>
        <TextEquiv>
          <Unicode>schmiedet sowie blank u. präzis gezogen). Siemens-</Unicode>
        </TextEquiv>
      </TextLine>
      <TextLine id="eSc_line_4737c049" >
        <Coords points="225,2744 225,2765 1392,2756 1394,2730 1387,2693 222,2712 225,2744"/>
        <Baseline points="225,2744 1394,2730"/>
        <TextEquiv>
          <Unicode>Martin-Automaten-Stahl für die Kraftwagen-, Motorrad-,</Unicode>
        </TextEquiv>
      </TextLine>
      <TextLine id="eSc_line_04e783b7" >
        <Coords points="225,2784 225,2807 1392,2797 1394,2770 1387,2742 222,2751 225,2784"/>
        <Baseline points="225,2784 1394,2770"/>
        <TextEquiv>
          <Unicode>Fahrrad-, Nähmaschinen-, Rechenmaschinen- u. Schrau-</Unicode>
        </TextEquiv>
      </TextLine>
      <TextLine id="eSc_line_0378216f" >
        <Coords points="225,2828 225,2851 1392,2830 1394,2811 1387,2784 222,2790 225,2828"/>
        <Baseline points="225,2828 1394,2811"/>
        <TextEquiv>
          <Unicode>ben-Industrie. — Siemens-Martin-Federstahl in Sonder-</Unicode>
        </TextEquiv>
      </TextLine>
      <TextLine id="eSc_line_248d9b9f" >
        <Coords points="225,2869 225,2893 1392,2879 1394,2853 1387,2825 222,2832 225,2869"/>
        <Baseline points="225,2869 1394,2853"/>
        <TextEquiv>
          <Unicode>qualitäten, glatt u. gerippt, in allen Profilen, wasser- u.</Unicode>
        </TextEquiv>
      </TextLine>
      <TextLine id="eSc_line_c07bd06e" >
        <Coords points="225,2909 225,2927 1392,2918 1394,2897 1387,2867 222,2869 225,2909"/>
        <Baseline points="225,2909 1394,2897"/>
        <TextEquiv>
          <Unicode>ölhärtbar. — Siemens-Martin-Stahlschienen. Sonderheit:</Unicode>
        </TextEquiv>
      </TextLine>
      <TextLine id="eSc_line_8b602b7e" >
        <Coords points="229,2953 229,2974 1396,2967 1396,2941 1389,2904 227,2918 229,2953"/>
        <Baseline points="229,2953 1396,2941"/>
        <TextEquiv>
          <Unicode>Schienen in Längen von 30 m sowie verschleißfeste</Unicode>
        </TextEquiv>
      </TextLine>
      <TextLine id="eSc_line_0f6de263" >
        <Coords points="229,2992 229,3018 417,3013 419,2990 413,2962 227,2962 229,2992"/>
        <Baseline points="229,2992 419,2990"/>
        <TextEquiv>
          <Unicode>Schienen.</Unicode>
        </TextEquiv>
      </TextLine>
      <TextLine id="eSc_line_2f9289fc" >
        <Coords points="229,3036 229,3060 754,3060 756,3029 749,2995 227,2999 229,3036"/>
        <Baseline points="229,3036 756,3029"/>
        <TextEquiv>
          <Unicode>Kapital: RM 6 000 000.—.</Unicode>
        </TextEquiv>
      </TextLine>
      <TextLine id="eSc_line_221de3d9" >
        <Coords points="229,3078 229,3099 1399,3087 1401,3067 1399,3034 1382,3022 1380,3022 1378,3022 1375,3022 1373,3022 1329,3034 1199,3022 1197,3022 1116,3036 932,3025 930,3025 853,3039 846,3039 842,3039 777,3027 774,3027 703,3039 684,3041 227,3041 229,3078"/>
        <Baseline points="229,3078 1401,3067"/>
        <TextEquiv>
          <Unicode>Vorstand: Reg.-Baumeister a. D. Erich Lennheim, Dipl.-</Unicode>
        </TextEquiv>
      </TextLine>
      <TextLine id="eSc_line_2697d463" >
        <Coords points="232,3122 232,3148 547,3138 549,3118 545,3090 229,3085 232,3122"/>
        <Baseline points="232,3122 549,3118"/>
        <TextEquiv>
          <Unicode>Ing. Max Lobe.</Unicode>
        </TextEquiv>
      </TextLine>
      <TextLine id="eSc_line_a8274caf" >
        <Coords points="229,3164 229,3183 1406,3171 1406,3150 1401,3118 1058,3108 1055,3108 1053,3108 1009,3120 886,3111 884,3111 227,3129 229,3164"/>
        <Baseline points="229,3164 1406,3150"/>
        <TextEquiv>
          <Unicode>Aufsichtsrat: Vors.: Dir. Johannes Kiehl, Berlin; Stellv.:</Unicode>
        </TextEquiv>
      </TextLine>
      <TextLine id="eSc_line_cae73ad8" >
        <Coords points="232,3203 232,3229 867,3220 870,3196 863,3169 229,3169 232,3203"/>
        <Baseline points="232,3203 870,3196"/>
        <TextEquiv>
          <Unicode>Konsul Georg Priem, Dresden.</Unicode>
        </TextEquiv>
      </TextLine>
      <TextLine id="eSc_line_49fd8922" >
        <Coords points="229,3248 229,3266 1399,3257 1401,3234 1394,3203 227,3213 229,3248"/>
        <Baseline points="229,3248 1401,3234"/>
        <TextEquiv>
          <Unicode>Bankverbindungen: Deutsche Bank u. Disconto-Ges.,</Unicode>
        </TextEquiv>
      </TextLine>
      <TextLine id="eSc_line_40ac57cf" >
        <Coords points="232,3289 232,3312 1399,3305 1401,3278 1394,3245 229,3250 232,3289"/>
        <Baseline points="232,3289 1401,3278"/>
        <TextEquiv>
          <Unicode>Dresdner Bank, Berlin, Dresden, Leipzig; Allgemeine</Unicode>
        </TextEquiv>
      </TextLine>
      <TextLine id="eSc_line_50d887e4" >
        <Coords points="229,3329 229,3352 1401,3345 1401,3322 1396,3292 227,3292 229,3329"/>
        <Baseline points="229,3329 1401,3322"/>
        <TextEquiv>
          <Unicode>Deutsche Credit-Anstalt, Sächsische Staatsbank, Dresden,</Unicode>
        </TextEquiv>
      </TextLine>
      <TextLine id="eSc_line_467bcade" >
        <Coords points="232,3373 232,3391 1132,3382 1132,3363 1125,3329 229,3338 232,3373"/>
        <Baseline points="232,3373 1132,3363"/>
        <TextEquiv>
          <Unicode>Leipzig; Delbrück Schickler &amp; Co., Berlin.</Unicode>
        </TextEquiv>
      </TextLine>
      <TextLine id="eSc_line_415b770f" >
        <Coords points="232,3415 232,3438 981,3428 983,3408 979,3377 229,3377 232,3415"/>
        <Baseline points="232,3415 983,3408"/>
        <TextEquiv>
          <Unicode>Postscheck-Konto: 11 709 Dresden.</Unicode>
        </TextEquiv>
      </TextLine>
      <TextLine id="eSc_line_5e82e54b" >
        <Coords points="229,3461 229,3484 812,3473 814,3454 807,3421 227,3426 229,3461"/>
        <Baseline points="229,3461 814,3454"/>
        <TextEquiv>
          <Unicode>Geschäftsjahr: 1./7.—30./6.</Unicode>
        </TextEquiv>
      </TextLine>
      <TextLine id="eSc_line_79180bd1" >
        <Coords points="232,3524 232,3549 1331,3531 1334,3510 1329,3477 1271,3466 1269,3466 229,3482 232,3524"/>
        <Baseline points="232,3524 1334,3510"/>
        <TextEquiv>
          <Unicode>Grundbesitz: 805 500 qm, davon 153 000 qm bebaut.</Unicode>
        </TextEquiv>
      </TextLine>
      <TextLine id="eSc_line_7de542c4" >
        <Coords points="236,3568 236,3591 1408,3568 1408,3551 1401,3514 234,3531 236,3568"/>
        <Baseline points="236,3568 1408,3551"/>
        <TextEquiv>
          <Unicode>Anlagen: Werk Freital-Döhlen: Walzwerk mit 4 Wal-</Unicode>
        </TextEquiv>
      </TextLine>
      <TextLine id="eSc_line_e38bc658" >
        <Coords points="234,3607 234,3626 1403,3616 1406,3595 1399,3558 232,3575 234,3607"/>
        <Baseline points="234,3607 1406,3595"/>
        <TextEquiv>
          <Unicode>zenstraßen; Hammerwerk mit hydraulischer Schmiede-</Unicode>
        </TextEquiv>
      </TextLine>
      <TextLine id="eSc_line_be285a95" >
        <Coords points="238,3651 238,3679 1401,3656 1403,3637 1396,3600 236,3619 238,3651"/>
        <Baseline points="238,3651 1403,3637"/>
        <TextEquiv>
          <Unicode>presse; schwere u. mittlere Dampfhämmer; Stahlformgie-</Unicode>
        </TextEquiv>
      </TextLine>
      <TextLine id="eSc_line_70d8c4e0" >
        <Coords points="236,3691 236,3714 1403,3707 1406,3679 1399,3644 234,3653 236,3691"/>
        <Baseline points="236,3691 1406,3679"/>
        <TextEquiv>
          <Unicode>ßerei, mechanische Bearbeitungswerkstätten; Preßwerk:</Unicode>
        </TextEquiv>
      </TextLine>
      <TextLine id="eSc_line_c21ba6b5" >
        <Coords points="238,3732 238,3774 324,3760 352,3772 355,3772 357,3772 556,3758 628,3769 638,3769 640,3769 642,3769 645,3769 663,3758 679,3767 689,3774 691,3774 693,3774 696,3776 798,3776 798,3774 800,3774 832,3765 858,3760 879,3765 897,3769 900,3769 902,3769 904,3769 907,3769 911,3765 925,3756 988,3756 1004,3763 1023,3772 1025,3772 1027,3772 1406,3756 1406,3723 1399,3691 236,3695 238,3732"/>
        <Baseline points="238,3732 1406,3723"/>
        <TextEquiv>
          <Unicode>Glüherei, Härterei, Vergüterei; Präzisionsstangen u.</Unicode>
        </TextEquiv>
      </TextLine>
    </TextRegion>
    <TextRegion id="r_5_1"  >
      <Coords points="1519,1668 2698,1668 2698,3087 1519,3087"/>
      <TextLine id="eSc_line_ddabc147" >
        <Coords points="2464,1675 2440,1670 2431,1668 2183,1656 2181,1656 2178,1656 2176,1656 2160,1670 2157,1672 2085,1672 2076,1670 2032,1658 2030,1658 2027,1658 1967,1672 1958,1672 1923,1672 1707,1661 1705,1661 1703,1661 1677,1672 1668,1677 1663,1672 1652,1663 1649,1663 1647,1663 1645,1663 1512,1672 1515,1723 1515,1744 2475,1742 2475,1712 2473,1705 2464,1675"/>
        <Baseline points="1515,1723 2475,1712"/>
        <TextEquiv>
          <Unicode>Sächsische Knopf- und Bürsten-</Unicode>
        </TextEquiv>
      </TextLine>
      <TextLine id="eSc_line_125b15ae" >
        <Coords points="1515,1797 1515,1814 2406,1809 2406,1791 2403,1749 2364,1733 2362,1733 2359,1733 2292,1746 2257,1733 2255,1733 2253,1733 2169,1746 2092,1735 2090,1735 2088,1735 2085,1735 2062,1749 1853,1735 1851,1735 1849,1735 1793,1751 1659,1737 1656,1737 1654,1737 1652,1737 1635,1753 1512,1753 1515,1797"/>
        <Baseline points="1515,1797 2406,1791"/>
        <TextEquiv>
          <Unicode>maschinen-Werke G. m. b. H.,</Unicode>
        </TextEquiv>
      </TextLine>
      <TextLine id="eSc_line_d79ffad9" >
        <Coords points="1517,1865 1517,1886 1724,1900 1726,1900 2014,1886 2092,1897 2095,1897 2208,1883 2324,1895 2327,1895 2329,1895 2385,1879 2385,1858 2378,1809 2222,1818 2150,1809 2116,1804 2113,1804 2111,1804 2097,1809 2062,1821 2051,1809 2048,1809 2048,1807 2046,1807 2044,1807 1997,1807 1995,1807 1993,1807 1986,1809 1951,1821 1928,1809 1921,1807 1918,1807 1916,1807 1914,1807 1907,1809 1877,1821 1828,1809 1812,1807 1809,1807 1807,1807 1805,1807 1805,1809 1802,1809 1788,1823 1515,1811 1517,1865"/>
        <Baseline points="1517,1865 2385,1858"/>
        <TextEquiv>
          <Unicode>Zwickau (Sa.), Moritzstr. 45.</Unicode>
        </TextEquiv>
      </TextLine>
      <TextLine id="eSc_line_e4aa7c63" >
        <Coords points="1522,1934 1522,1960 2399,1953 2401,1925 2394,1890 1519,1902 1522,1934"/>
        <Baseline points="1522,1934 2401,1925"/>
        <TextEquiv>
          <Unicode>Fernruf: 5028. Drahtanschrift: corozo</Unicode>
        </TextEquiv>
      </TextLine>
      <TextLine id="eSc_line_70c33f4f" >
        <Coords points="1524,1976 1524,1999 1893,1995 1893,1976 1891,1939 1524,1939 1524,1976"/>
        <Baseline points="1524,1976 1893,1976"/>
        <TextEquiv>
          <Unicode>Gründung: 1914.</Unicode>
        </TextEquiv>
      </TextLine>
      <TextLine id="eSc_line_46834658" >
        <Coords points="2661,1971 2638,1969 2615,1967 2608,1965 1872,1976 1872,1978 1849,1978 1826,1978 1807,1978 1524,1981 1526,2018 1526,2039 2675,2034 2677,2004 2670,1971 2661,1971"/>
        <Baseline points="1526,2018 2677,2004"/>
        <TextEquiv>
          <Unicode>Fabrikationsprogramm: Knopfbearbeitungsmaschinen.</Unicode>
        </TextEquiv>
      </TextLine>
      <TextLine id="eSc_line_c2e2e1cd" >
        <Coords points="1524,2060 1524,2081 2679,2074 2682,2050 2677,2023 1522,2023 1524,2060"/>
        <Baseline points="1524,2060 2682,2050"/>
        <TextEquiv>
          <Unicode>Maschinen für die Herstellung von Zahn- u. Handwasch-</Unicode>
        </TextEquiv>
      </TextLine>
      <TextLine id="eSc_line_66a3345a" >
        <Coords points="1524,2101 1524,2125 1689,2125 1691,2099 1686,2069 1522,2069 1524,2101"/>
        <Baseline points="1524,2101 1691,2099"/>
        <TextEquiv>
          <Unicode>bürsten.</Unicode>
        </TextEquiv>
      </TextLine>
      <TextLine id="eSc_line_a38d07fa" >
        <Coords points="1524,2146 1524,2169 2007,2166 2009,2139 2004,2108 1858,2097 1856,2097 1522,2113 1524,2146"/>
        <Baseline points="1524,2146 2009,2139"/>
        <TextEquiv>
          <Unicode>Kapital: RM 60 000.—.</Unicode>
        </TextEquiv>
      </TextLine>
      <TextLine id="eSc_line_ae096d96" >
        <Coords points="1526,2190 1526,2210 2682,2197 2684,2176 2675,2139 1524,2150 1526,2190"/>
        <Baseline points="1526,2190 2684,2176"/>
        <TextEquiv>
          <Unicode>Anteileigner: Kom.-Rat Otto Leonhard, Fabrikbes. Curt</Unicode>
        </TextEquiv>
      </TextLine>
      <TextLine id="eSc_line_ad289c24" >
        <Coords points="1526,2229 1526,2257 2682,2241 2684,2222 2668,2192 1524,2197 1526,2229"/>
        <Baseline points="1526,2229 2684,2222"/>
        <TextEquiv>
          <Unicode>Leonhardt, Crossen/Mulde; Walter Liebers, Ing. Pauf</Unicode>
        </TextEquiv>
      </TextLine>
      <TextLine id="eSc_line_982e314e" >
        <Coords points="1526,2273 1526,2301 2123,2289 2125,2266 2118,2229 1524,2238 1526,2273"/>
        <Baseline points="1526,2273 2125,2266"/>
        <TextEquiv>
          <Unicode>Bauer, Zwickau/Sa. (je 25%).</Unicode>
        </TextEquiv>
      </TextLine>
      <TextLine id="eSc_line_980707ec" >
        <Coords points="1526,2317 1526,2336 2647,2326 2649,2303 2642,2273 1524,2285 1526,2317"/>
        <Baseline points="1526,2317 2649,2303"/>
        <TextEquiv>
          <Unicode>Geschäftsführer: Walther Liebers, Ing. Paul Bauer.</Unicode>
        </TextEquiv>
      </TextLine>
      <TextLine id="eSc_line_f8855e7c" >
        <Coords points="1526,2357 1526,2378 2682,2361 2684,2340 2677,2313 1524,2326 1526,2357"/>
        <Baseline points="1526,2357 2684,2340"/>
        <TextEquiv>
          <Unicode>Bankverbindungen: Reichsbank, Sächsische Staats-</Unicode>
        </TextEquiv>
      </TextLine>
      <TextLine id="eSc_line_bf71d57f" >
        <Coords points="1526,2401 1526,2419 2682,2405 2684,2387 2668,2357 1524,2368 1526,2401"/>
        <Baseline points="1526,2401 2684,2387"/>
        <TextEquiv>
          <Unicode>bank, Zwickauer Stadtbank A.-G., Zwickau; Deutsch-</Unicode>
        </TextEquiv>
      </TextLine>
      <TextLine id="eSc_line_2687fec8" >
        <Coords points="1526,2440 1526,2459 2684,2449 2684,2431 2666,2401 1524,2408 1526,2440"/>
        <Baseline points="1526,2440 2684,2431"/>
        <TextEquiv>
          <Unicode>Südamerikanische Bank A.-G., Hamburg; Deutsch-Über-</Unicode>
        </TextEquiv>
      </TextLine>
      <TextLine id="eSc_line_5cd41559" >
        <Coords points="1531,2484 1531,2510 1983,2500 1986,2482 1979,2452 1529,2452 1531,2484"/>
        <Baseline points="1531,2484 1986,2482"/>
        <TextEquiv>
          <Unicode>seeische Bank, Berlin.</Unicode>
        </TextEquiv>
      </TextLine>
      <TextLine id="eSc_line_238514cb" >
        <Coords points="1529,2526 1529,2547 2266,2542 2269,2521 2264,2489 1990,2477 1988,2477 1986,2477 1960,2491 1526,2494 1529,2526"/>
        <Baseline points="1529,2526 2269,2521"/>
        <TextEquiv>
          <Unicode>Postscheck-Konto: 49 754 Leipzig.</Unicode>
        </TextEquiv>
      </TextLine>
      <TextLine id="eSc_line_908d0a9d" >
        <Coords points="1529,2570 1529,2593 2134,2593 2137,2563 2130,2533 1526,2538 1529,2570"/>
        <Baseline points="1529,2570 2137,2563"/>
        <TextEquiv>
          <Unicode>Geschäftsjahr: 1./1.—31./12.</Unicode>
        </TextEquiv>
      </TextLine>
      <TextLine id="eSc_line_e73d386f" >
        <Coords points="1529,2635 1529,2656 2278,2649 2280,2626 2276,2596 2139,2596 2120,2582 2118,2582 2116,2582 2113,2582 2111,2582 2109,2582 2085,2596 2083,2596 1951,2584 1949,2584 1863,2598 1860,2598 1763,2586 1761,2586 1758,2586 1714,2600 1710,2603 1596,2603 1575,2603 1563,2591 1563,2589 1561,2589 1559,2589 1556,2589 1554,2589 1526,2598 1529,2635"/>
        <Baseline points="1529,2635 2280,2626"/>
        <TextEquiv>
          <Unicode>Anlagen: Mechanische Werkstätten.</Unicode>
        </TextEquiv>
      </TextLine>
      <TextLine id="eSc_line_0c5b5907" >
        <Coords points="1529,2679 1529,2702 2601,2686 2603,2665 2596,2635 1526,2647 1529,2679"/>
        <Baseline points="1529,2679 2603,2665"/>
        <TextEquiv>
          <Unicode>Eigene Vertretungen im Ausland: Auf Anfrage.</Unicode>
        </TextEquiv>
      </TextLine>
      <TextLine id="eSc_line_b83328ca" >
        <Coords points="1531,2721 1531,2742 2686,2721 2686,2702 2679,2668 1529,2691 1531,2721"/>
        <Baseline points="1531,2721 2686,2702"/>
        <TextEquiv>
          <Unicode>Besondere Angaben: Gegründet unter der Firma Säch-</Unicode>
        </TextEquiv>
      </TextLine>
      <TextLine id="eSc_line_d8bcc219" >
        <Coords points="1531,2763 1531,2781 2682,2772 2684,2749 2677,2714 1529,2732 1531,2763"/>
        <Baseline points="1531,2763 2684,2749"/>
        <TextEquiv>
          <Unicode>sische Bürsten- u. Knopfmaschinen-Werke, G. m. b. H.</Unicode>
        </TextEquiv>
      </TextLine>
      <TextLine id="eSc_line_3cd067b9" >
        <Coords points="1533,2804 1533,2823 2684,2809 2686,2788 2679,2756 1531,2774 1533,2804"/>
        <Baseline points="1533,2804 2686,2788"/>
        <TextEquiv>
          <Unicode>— 1931 wurde die Firma in „Sächsische Knopf- u. Bür-</Unicode>
        </TextEquiv>
      </TextLine>
      <TextLine id="eSc_line_d9a18a08" >
        <Coords points="1531,2846 1531,2867 2689,2860 2689,2832 2670,2802 1529,2816 1531,2846"/>
        <Baseline points="1531,2846 2689,2832"/>
        <TextEquiv>
          <Unicode>stenmaschinen-Werke, G. m. b. H.“ umgeändert, wober</Unicode>
        </TextEquiv>
      </TextLine>
      <TextLine id="eSc_line_0bca3b0a" >
        <Coords points="1533,2888 1533,2911 2684,2897 2686,2876 2679,2848 1531,2853 1533,2888"/>
        <Baseline points="1533,2888 2686,2876"/>
        <TextEquiv>
          <Unicode>die alte Geschäftsleitung abberufen und die Herren Lie-</Unicode>
        </TextEquiv>
      </TextLine>
      <TextLine id="eSc_line_84721a30" >
        <Coords points="1531,2930 1531,2951 2608,2948 2610,2923 2603,2893 1529,2895 1531,2930"/>
        <Baseline points="1531,2930 2610,2923"/>
        <TextEquiv>
          <Unicode>bers und Bauer zu Geschäftsführern bestellt wurden.</Unicode>
        </TextEquiv>
      </TextLine>
      <TextLine id="eSc_line_96d20510" >
        <Coords points="1533,2976 1533,3004 2090,3004 2090,3002 2102,2999 2174,2988 2459,2999 2494,2999 2496,2999 2505,2999 2605,2983 2686,2997 2689,2962 2679,2932 1531,2941 1533,2976"/>
        <Baseline points="1533,2976 2689,2962"/>
        <TextEquiv>
          <Unicode>Trotz der Exportschrumpfung entfielen 1936 vom Ge-</Unicode>
        </TextEquiv>
      </TextLine>
      <TextLine id="eSc_line_7e44a395" >
        <Coords points="1533,3018 1533,3041 2345,3041 2348,3009 2341,2978 1531,2981 1533,3018"/>
        <Baseline points="1533,3018 2348,3009"/>
        <TextEquiv>
          <Unicode>samtumsatz etwa 70 % auf den Export.</Unicode>
        </TextEquiv>
      </TextLine>
      <TextLine id="eSc_line_b97f2fc2" >
        <Coords points="1531,3060 1531,3083 2067,3083 2067,3055 2060,3025 1529,3027 1531,3060"/>
        <Baseline points="1531,3060 2067,3055"/>
        <TextEquiv>
          <Unicode>Gefolgschaft: 170 Mann.</Unicode>
        </TextEquiv>
      </TextLine>
    </TextRegion>
    <TextRegion id="r_6_1"  >
      <Coords points="1535,3238 2704,3238 2704,3746 1535,3746"/>
      <TextLine id="eSc_line_ef859569" >
        <Coords points="2575,3250 2557,3231 2540,3227 2529,3227 2505,3224 2482,3224 2459,3222 2327,3222 2324,3222 2322,3222 2283,3238 2260,3222 2257,3222 2255,3222 2253,3222 2250,3222 2195,3241 2195,3243 2167,3243 1963,3243 1918,3224 1916,3224 1914,3224 1814,3243 1812,3243 1791,3227 1788,3227 1786,3227 1784,3227 1782,3227 1730,3243 1698,3227 1696,3227 1591,3227 1589,3227 1587,3227 1531,3243 1533,3292 1533,3315 2591,3315 2591,3285 2587,3271 2575,3250"/>
        <Baseline points="1533,3292 2591,3285"/>
        <TextEquiv>
          <Unicode>Sächsische Manometerfabrik K.-G.,</Unicode>
        </TextEquiv>
      </TextLine>
      <TextLine id="eSc_line_5162e643" >
        <Coords points="1533,3366 1533,3387 1995,3384 1995,3366 1995,3322 1909,3322 1907,3319 1888,3305 1886,3305 1884,3305 1881,3305 1830,3317 1819,3319 1807,3317 1772,3305 1770,3305 1642,3305 1640,3305 1638,3305 1635,3305 1635,3308 1628,3312 1621,3319 1533,3312 1533,3366"/>
        <Baseline points="1533,3366 1995,3366"/>
        <TextEquiv>
          <Unicode>Paul Kiessling,</Unicode>
        </TextEquiv>
      </TextLine>
      <TextLine id="eSc_line_65b3629c" >
        <Coords points="1533,3438 1533,3470 1603,3459 1621,3470 1626,3473 1628,3473 1631,3473 1633,3475 1744,3475 1744,3473 1747,3473 1761,3468 1784,3456 1911,3456 1932,3463 1949,3470 1951,3470 1953,3470 1956,3470 1958,3470 1967,3463 1979,3454 2030,3461 2072,3468 2074,3468 2127,3461 2167,3454 2176,3459 2183,3466 2185,3466 2188,3466 2190,3466 2382,3454 2382,3428 2378,3384 2167,3373 2164,3373 2162,3373 2134,3387 2130,3387 2023,3375 2021,3375 2018,3375 2016,3375 2002,3387 1782,3377 1779,3377 1777,3377 1775,3377 1775,3380 1763,3389 1707,3380 1705,3380 1703,3380 1670,3391 1540,3380 1538,3380 1536,3380 1533,3380 1533,3382 1531,3382 1533,3438"/>
        <Baseline points="1533,3438 2382,3428"/>
        <TextEquiv>
          <Unicode>Leipzig W 33, Angerstr. 44.</Unicode>
        </TextEquiv>
      </TextLine>
      <TextLine id="eSc_line_fb826884" >
        <Coords points="1536,3507 1536,3528 1884,3526 1886,3503 1879,3466 1533,3468 1536,3507"/>
        <Baseline points="1536,3507 1886,3503"/>
        <TextEquiv>
          <Unicode>Fernruf: 41 051.</Unicode>
        </TextEquiv>
      </TextLine>
      <TextLine id="eSc_line_0b1f80e0" >
        <Coords points="1538,3549 1538,3572 2243,3570 2246,3540 2239,3507 1536,3517 1538,3549"/>
        <Baseline points="1538,3549 2246,3540"/>
        <TextEquiv>
          <Unicode>Gründung: 1925; seit 1936 K.-G.</Unicode>
        </TextEquiv>
      </TextLine>
      <TextLine id="eSc_line_4431c896" >
        <Coords points="1540,3593 1540,3619 2698,3598 2698,3575 2691,3544 1538,3554 1540,3593"/>
        <Baseline points="1540,3593 2698,3575"/>
        <TextEquiv>
          <Unicode>Fabrikationsprogramm: Manometer für alle Verwen-</Unicode>
        </TextEquiv>
      </TextLine>
      <TextLine id="eSc_line_a1c99566" >
        <Coords points="1538,3633 1538,3658 2464,3649 2464,3626 2457,3591 1536,3598 1538,3633"/>
        <Baseline points="1538,3633 2464,3626"/>
        <TextEquiv>
          <Unicode>dungszwecke in allen Größen und Drücken.</Unicode>
        </TextEquiv>
      </TextLine>
      <TextLine id="eSc_line_4fa297ab" >
        <Coords points="1540,3677 1540,3702 2197,3702 2199,3670 2192,3640 1538,3644 1540,3677"/>
        <Baseline points="1540,3677 2199,3670"/>
        <TextEquiv>
          <Unicode>Gesellschafter: Paul Kießling.</Unicode>
        </TextEquiv>
      </TextLine>
      <TextLine id="eSc_line_4d633826" >
        <Coords points="1540,3721 1540,3756 1635,3760 1638,3760 1640,3760 1642,3760 1647,3756 1659,3746 1763,3753 1830,3758 1833,3758 1835,3758 1849,3753 1877,3742 2044,3749 2046,3714 2039,3681 1538,3681 1540,3721"/>
        <Baseline points="1540,3721 2046,3714"/>
        <TextEquiv>
          <Unicode>Prokurist: M. Kießling.</Unicode>
        </TextEquiv>
      </TextLine>
    </TextRegion>
    <TextRegion id="r_7_1"  >
      <Coords points="240,3890 343,3890 343,3952 240,3952"/>
      <TextLine id="eSc_line_7342b717" >
        <Coords points="348,3881 324,3881 301,3876 283,3872 273,3872 255,3881 252,3872 232,3872 232,3932 232,3957 350,3960 352,3932 350,3872 348,3872 348,3881"/>
        <Baseline points="232,3932 352,3932"/>
        <TextEquiv>
          <Unicode>508</Unicode>
        </TextEquiv>
      </TextLine>
    </TextRegion>
  </Page>
</PcGts>
