2796 4176
241 259 684 338 Bosch — Botsch
238 380 1401 468 Verkaufshäuser u. Vertretungen: in Berlin, Frankfurt,
238 440 1315 512 Stuttgart u. an den wichtigsten Plätzen im Ausland.
238 494 733 556 Tochtergesellschaften:
245 515 1392 603 Junkers & Co. G. m. b. H., Dessau. — Gegr. 26. 5.
238 559 1399 642 1932; Kap.: 5 0000 000 RM; Zweck: Fabrikation von Gas-
238 605 1399 682 apparaten für Warmwasserversorgung: Beteiligung: 100 %.
238 644 1399 721 Eugen Bauer G. m. b. H., Untertürckheim. — Gegr.
241 691 1401 760 13. 1. 1928; Kap.: 2 000 000 RM; Zweck: Fabrikation u.
243 733 1401 802 Vertrieb von Kinoapparaten für Normal- u. Schmalfilm
243 767 1401 846 u. von elektrotechnischen Apparaten. Beteiligung: 100 %.
238 816 1403 886 Ideal-Werke A.-G. für drahtlose Telephonie, Berlin.
243 863 1041 932 A. K.: 6 000 000 RM. Beteiligung: 100 %.
241 893 1408 974 Eisemann-Werke A.-G., Stuttgart. — A.-K.: 1 500 000
243 953 888 1025 RM; Beteiligung: 100 % u. I. G.
241 981 1408 1064 Fernseh A.-G., Berlin. — A.-K.: 410 000 RM: mit-
243 1050 433 1113 beteiligt.
241 1090 1406 1166 Firma gehört folgenden Interessengemeinschaften
243 1132 1403 1208 an: Magnetvereinigung Düsseldorf; Wirtschaftliche Ver-
245 1169 1406 1248 einigung deutscher Messingwerke e. V., Berlin; Wirt-
243 1213 1410 1294 schaftsstelle der Hersteller von Kraftahrzeuganlaß- und
245 1269 983 1343 Beleuchtungsbatterien e. V., Berlin.
243 1303 1410 1396 Besondere Angaben: 1926 Erwerb des Grundbesitzes der
245 1357 1406 1431 Eisemann-Werke A.-G. — 1928 wurde die Bosch-Metall-
248 1398 1403 1473 werk A.-G. in Feuerbach durch Verschmelzung mit der
245 1443 1410 1508 Gesellschaft vereinigt. — Zur Hebung des Geschäfts in
248 1484 1406 1563 Frankreich wurden im Jahre 1929 vertragliche Ab-
248 1526 1410 1600 machungen mit der Société des Ateliers de Construc-
250 1559 1408 1640 tion Lavalette in Paris getroffen. — Mit Wirkung ab
252 1607 1410 1686 1. 1. 1931 schlossen sich die American Bosch Magneto
248 1647 1410 1716 Corporation, Springfield, und die bisherige Generalver-
248 1693 1406 1760 treterin der Ges., die Robert Bosch Magneto Company,
252 1733 1401 1809 New Vork, zu der „United American Bosch Corporation“
250 1765 1410 1853 in Springfield zusammen. Die Robert Bosch A.-G. über-
252 1821 1413 1890 trug der neuen Firma auf eine Reihe von Jahren das
250 1855 1413 1932 ausschließliche Vertriebsreck“ für ihre Erzeugnisse in
252 1900 1413 1976 den Vereinigten Staaten voi Nordamerika und Kanada.
255 1946 1415 2016 Auch über den gegenseitigen Austausch von Patenten,
255 1985 1413 2064 Herstellungs- und Forschungserfahrungen wurden Ver-
255 2027 1415 2097 einbarungen getroffen. Über den handelsrechtlichen Ge-
255 2069 1413 2143 brauch des Namens „Bosch“ konnte unter Abänderung
252 2108 1415 2180 des früheren Vertrages ein endgültiges Abkommen dahin
257 2155 1415 2220 erzielt werden, daß der Name „Bosch“ ohne Zusatz
255 2194 1415 2273 künftig in der ganzen Welt, einschl. der Vereinigten
257 2238 1417 2310 Staaten von Nordamerika, für die von der Gesellschaft
255 2273 1417 2347 hergestellten Waren vorbehalten ist, während sich die
257 2322 1415 2391 United American Bosch Corporation in Springfield für
257 2364 1420 2438 ihre Erzeugnisse auf der ganzen Erde der Bezeichnung.
257 2403 1417 2482 „American Bosch“ bedient. — Verhandlungen, die Ende
257 2447 1422 2519 1930 mit der bedeutendsten englischen Automobilzubehör-
257 2482 1422 2558 fabrik, der Fa. Joseph Lucas Ltd., Birmingham, geführt
259 2531 1420 2603 wurden, fanden im Frühjahr 1931 ihren Abschluß in
259 2575 1422 2642 einem Abkommen, wonach der englische Markt für Nutz-
262 2607 1420 2693 kraftwagen durch eine gemeinsam betriebene Firma
262 2656 1420 2728 CAV-Bosch Ltd. bearbeitet und beliefert werden soll. Der
264 2693 1424 2767 Verwaltungsrat dieser Gesellschaft setzt sich zur Hälfte
262 2735 1422 2811 aus Personen der Lucas-Gruppe, zur andern Hälfte aus
264 2779 1424 2855 Personen zusammen, die dem Kreise der Robert Bosch
266 2823 1424 2904 A.-G. angehören. — 1932 Verständigung mit der REF-
264 2865 1427 2939 Apparatebau-G. m. b. H., Feuerbach, wonach die Her-
264 2911 1427 2988 stellung und der Vertrieb von Ölern, Einspritzpumpen
266 2953 1424 3027 und Düsen einschl. Schutzrechte auf die Bosch A.-G.
266 2995 1427 3071 überging; weiter wurden Teile aus dem Geschäfts-
264 3027 1429 3106 betrieb der Fa. Heubach & Co., Berlin (tragbare Elektro-
266 3080 1427 3148 werkzeuge) übernommen und zusammen mit Dr.-Ing. e. h.
266 3120 1429 3194 Robert Bosch die Anteile der Junkers & Co. G. m. b. H.,
266 3164 1431 3238 Dessau erworben und damit die Fabrikation von Gas-
266 3201 1429 3275 apparaten für Warmwasserversorgung. — 1933 Erwerb
266 3243 1431 3312 des A.-K. der Ideal-Werke A.-G. für drahtlose Tele-
269 3285 1429 3368 phonie in Berlin-Hohenschönhausen. — 1934 Erwerb der
271 3329 1429 3408 Anteile der Eugen Bauer G. m. b. H., Stuttgart-Unter-
269 3368 1429 3440 türkheim. — 1935 Abkommen mit Magneti Marelli Mai-
269 3412 1431 3486 land bezügl. Belieferung des italienischen Marktes und
266 3466 638 3533 Lizenzgewährung.
264 3519 594 3582 Gefolgschaft:
786 3496 1431 3575 1932 1933 1934 1935“)
266 3575 496 3637 insgesamt
779 3554 1424 3644 8332 11 235 14 980 16 117
1524 371 2626 466 Robert Bosch, Maschinenbau für die
1531 454 1939 538 Holzindustrie,
1529 517 2234 605 Berlin N 4, Bergstr. 35.
1531 596 1916 656 Fernruf: 42 88 15.
1536 644 1902 702 Gründung: 1923.
1531 658 2691 749 Fabrikationsprogramm: fahrbare Kreissägen, Spund-
1533 716 2691 793 vorrichtungen, Rollen- u. Kugellager-Einbau in alle Holz-
1533 770 2009 825 bearbeitungsmaschinen.
1533 807 2141 867 Inhaber: Ing. Robert Bosch.
1533 832 2691 916 Bankverbindungen: Dresdner Bank, Berliner Stadtbank,
1538 900 1682 955 Berlin.
1536 923 2276 997 Postscheck-Konto: 117 261 Berlin.
1536 974 2164 1039 Geschäftsjahr: Kalenderjahr.
1538 1111 2508 1201 Andreas Bosek Maschinenfabrik,
1543 1192 2130 1273 Wiehe (Unstruttal).
1540 1255 2698 1340 Fernruf: Roßleben 244. Drahtanschrift: bosek wiehe-
1543 1317 1747 1373 unstruttal
1543 1345 1907 1415 Gründung: 1905.
1543 1380 2698 1459 Fabrikationsprogramm: Maschinen- u. Apparate für die
1543 1426 2698 1503 Kohlepapier-, Schreibmaschinenfarbband- u. Dauermatri-
1543 1482 2069 1542 zen-Fabrikation (Stencil).
1545 1514 2111 1582 Inhaber: Waldemar Bosek.
1543 1542 2703 1621 Bankverbindungen: Bankverein Artern, Roßleben;
1543 1600 2406 1661 Reichsbanknebenstelle, Naumburg (Saale).
1543 1642 2287 1702 Postscheck-Konto: 26 693 Leipzig.
1543 1686 2139 1749 Geschäftsjahr: 1./1.—31./12.
1545 1733 2703 1814 Grundbesitz: 1734 qm, davon 575 qm bebaut; gesamte
1547 1797 1967 1862 Nutzfläche: 1000 qm
1547 1816 2700 1895 Anlagen: Dreherei, Schlosserei, Werkzeugmacherei,
1552 1872 2700 1937 Schleiferei, Gürtlerei, Klempnerei, galvanische Anstalt u.
1552 1925 1763 1983 Tischlerei.
1547 1948 2703 2023 Besondere Angaben: Firma wurde 1905 in Berlin ge-
1549 1992 2700 2069 gründet. 1917 erfolgte Verlegung nach Wiehe (Unstrut-
1549 2039 2703 2104 tal). 1928 wurde die Metallwarenfabrik Hermann Conrad,
1549 2074 2668 2148 Berlin aufgekauft u. der Maschinenfabrik angegliedert.
1552 2120 2703 2199 Vom Gesamtumsatz entfielen 1936 etwa 50 % auf den
1554 2173 1714 2234 Export.
1547 2201 2510 2285 Gefolgschaft: 46 Arbeiter u. 8 Angestellte.
1549 2340 2510 2424 Oscar Bothner Maschinenfabrik,
1549 2410 2605 2510 Leipzig-S 3, Kronprinzstraße 73/75.
1552 2498 2501 2568 Fernruf: 31 062. Drahtanschrift: (Adresse).
1554 2552 1911 2610 Gründung: 1866.
1554 2563 2705 2656 Fabrikationsprogramm: Faßkellerei-Maschinen, auto-
1554 2621 2705 2691 matische Faßreinigungsmaschinen für Brauereien. Pneu-
1556 2663 2705 2744 matische Förderanlagen für feuchte Papierstoffe, Holz-
1563 2721 1942 2777 stoffe u. Zellulose.
1559 2758 2192 2816 Inhaber: Ernst Drechsler sen.
1559 2797 2350 2865 Geschäftsleiter: Ernst Drechsler jun.
1561 2839 2190 2902 Prokurist: Erich Voigtländer.
1559 2874 2466 2941 Bankverbindung: Dresdner Bank, Leipzig.
1561 2925 2287 2983 Postscheck-Konto: 51 586 Leipzig.
1559 2962 2150 3027 Geschäftsjahr: 1./1.—31./12.
1559 3018 2529 3087 Grundbesitz: 2500 qm, davon 1600 qm bebaut.
1563 3062 2712 3143 Anlagen: kaufm. u. techn. Büro. Fabrikationsräume,
1561 3113 2044 3173 Montage- u. Lagerhalle.
1561 3143 2714 3220 Gefolgschaft: 45 Arbeiter (davon 7 Lehrlinge) u. 6 An-
1566 3203 1751 3264 gestellte.
1563 3241 1939 3301 1936: 40 % Export.
271 3653 1206 3751 *) Einschl. Tochtergesellschaften rd. 19 000.
1561 3368 2276 3463 Gebrüder Botsch A.-G.,
1561 3442 2294 3533 Bad Rappenau (Baden).
1566 3528 1821 3586 Fernruf: 7.
1566 3549 2257 3623 Gründung: 1865; seit 1923 A.-G.
1563 3586 2719 3674 Fabrikationsprogramm: Landw. Maschinen (speziell
1566 3644 2478 3732 Sd-, Hack-, Häcksler- u. Mostereimaschinen).
266 3865 355 3939 84
