2796 4124
132 311 1287 384 Fabrikationsprogramm: Rohrkaltbiegemaschinen in
137 359 1285 430 verschiedenen Typen. Kleinste Maschine bis 30 mm
139 400 1086 462 ä. G, größte Maschine bis 320 mm Rohr-ä. Sr.
144 446 609 504 Kapital: RM 20 000.—
142 488 1155 545 Anteileigner: Franz Hilgers u. Frau M. Hilgers.
137 529 1207 593 Prokuristen: Paul Sartorius, Ing. A. Schmehmann.
137 570 1283 643 Bankverbindung: Deutsche Bank u. Disccnto-Ges.,
139 614 249 669 Köln.
137 652 829 707 Postscheck-Konto: 108 885 Köln.
137 698 728 760 Geschäftsjahr: 1./1.—31./12.
132 742 1290 827 Grundbesitz: 1144 qm, davon 640 qm bebaut; gepachtet
137 801 1017 866 sind 220 qm; gesamte Nutzfläche: 1364 qm.
137 845 1285 911 Anlagen: Mechanische Werkstätte, Montagehalle, Lohn-
135 888 616 950 biegerei. Gleisanschluß.
135 927 1281 998 Eigene Vertretung in Berlin: Hans Schultz, SW 11,
135 971 435 1028 Saarlandstr. 30.
130 1012 1281 1069 Besondere Angaben: Vom Gesamtumsatz entfielen 1936
135 1060 550 1111 42% auf den Export.
130 1090 1278 1168 Gefolgschaft: (im Durchschnitt 1936): 40, davon 8 Lehr-
132 1140 994 1205 linge, 10 Angestellte, davon 2 Lehrlinge,
128 1223 776 1299 Paul Hillebrand, G. m. b. H.
130 1283 825 1354 siehe Werdohler Pumpenfabrik
132 1376 653 1457 Walter Hillebrand
130 1445 955 1541 Wäschereimaschinen-Fabrik,
128 1521 850 1603 Osnabrück, Bruchstr. 13.
126 1596 1157 1661 Fernruf: 3951. Drahtanschrift: walterhillebrand
128 1642 476 1700 Gründung: 1913.
128 1677 1271 1743 Fabrikationsprogramm: Waschmaschinen mit Unter-
128 1722 1265 1796 feuerung und Vorwärmer nach eigenen Patenten.
130 1766 1267 1846 Wäschetrockenschleuder für Haushaltungen und Betriebe
130 1809 311 1869 aller Art.
126 1842 705 1910 Inhaber: Walter Hillebrand.
128 1890 1203 1956 Bevollmächtigte: Fr. Anna Hillebrand, Frl. Helene
128 1933 330 1990 Hillebrand.
126 1968 1262 2048 Bankverbindungen: Deutsche Bank u. Disconto-Ges.,
126 2013 884 2078 Niedersächs. Landesbank, Osnabrück.
126 2059 889 2123 Postscheck-Konto: 14 062 Hannover.
123 2103 703 2167 Geschäftsjahr: 1./1.—31./12.
123 2158 1265 2229 Anlagen: Maschinenbau-Werkstätten mit den erforder-
123 2210 568 2268 lichen Nebenbetrieben.
123 2247 1265 2318 Besondere Angaben: Gegründet als Maschinenhandlung
128 2297 1251 2357 und Vertretung. — 1915 Maschinen-Großhandlung. —
126 2330 1260 2398 1926 Fabrikation von Waschmaschinen und Maschinen-
126 2380 1164 2446 Großhandlung. — 1930 Wäschereimaschinen-Fabrik.
1418 332 2585 400 Besondere Angaben: 1911 unter dem Namen Hillebrand
1418 371 2578 451 & Kracht durch P. Hillebrand u. E. Kracht gegründet;
1420 412 2582 485 1914 Austritt von P. Hillebrand; bis 1937 E. Kracht
1418 458 2578 526 Alleininhaber. Seit Eintritt von O. Kracht, des Sohnes
1416 506 2580 577 des bisherigen Alleininhabers, jetzige Firma. — Zunächst
1418 542 2578 616 wurden nur eine kleine Anzahl von Pumpentypen her-
1414 591 2575 655 gestellt, nach u. nach wurden neue Modelle den Bedürf-
1414 630 2578 703 nissen der Industrie entsprechend aufgenommen, so daß
1414 675 2575 737 das Fabrikationsprogramm heute mehrere hundert ver-
1414 717 1959 774 schiedene Modelle umfaßt.
1416 758 2578 833 Gefolgschaft: 1911: 1 Dreher, 2 Lehrlinge; 1936: 80 Ar-
1411 795 1911 872 beiter u. 18 Angestellte.
1404 900 2129 987 Hillenkötter & Ronsieck
1404 971 1890 1063 Hebezeugfabrik,
1407 1051 1691 1129 Bielefeld.
1407 1118 2534 1186 Fernruf: 325/6. Drahtanschrift: hillenkötterronsieck
1407 1166 1764 1225 Gründung: 1897.
1407 1205 2569 1287 Fabrikationsprogramm: Hebezeuge, Aufzüge, Krane u.
1404 1246 1677 1303 Fördermittel.
1404 1280 2422 1356 Inhaber: Dr. Hessinger u. Frau, Else Hessinger.
1402 1333 2207 1392 Geschäftsleiter: Dir. Heinrich Hegels.
1407 1372 2046 1434 Prokurist: Carl Spiekerkötter.
1402 1415 2523 1498 Bankverbindungen: Commerz- u. Privat-Bank A.-G.,
1402 1457 1865 1514 Reichsbank, Bielefeld.
1402 1493 2184 1560 Postscheck-Konto: 10 404 Hannover.
1400 1541 2019 1603 Geschäftsjahr: Kalenderjahr.
1879 183 2585 261 Hillebrand — Hillenkötter
1395 1642 2326 1734 Hille-Werke Aktiengesellschaft,
1393 1711 2486 1800 Dresden-A. 36, Otto-Mohr-Straße 15.
1398 1777 2009 1853 Fernruf: 69 10 54 u. 69 10 79.
1395 1835 1970 1894 Drahtanschrift: hillewerke
1398 1876 2097 1935 Gründung: 1879; seit 1892 A.-G.
1395 1913 2557 1986 Fabrikationsprogramm: Tisch-, Säulen- u. Ständer-
1395 1958 2555 2023 bohrmaschinen, Feinbohrwerke, Honmaschinen, Lehren-
1393 1995 2553 2068 bohrwerke, Gewindefräsmaschinen (Original Schüttoff),
1393 2036 2555 2116 Hinterdrehbänke, Revolverdrehbänke (Original Auer-
1393 2084 2397 2151 bach & Co.), Vorrichtungen, Werkzeuge, Futter.
1395 2128 1920 2190 Kapital: RM 1 800 000.—
1395 2167 2553 2242 Vorstand: Dr. Hermann Schmidt, Dir. Heinrich Zenzen,
1398 2208 1961 2270 Dir. Felix Böhme, Dresden.
1391 2256 2550 2320 Aufsichtsrat: Vors.: Geh. Hofrat Kom.-Rat Dr. ing. h. c.
1391 2293 2550 2369 Louis Ernst; Stellv.: Bankdir. Dr. jur. Erich Sonder-
1388 2339 1716 2391 mann, Dresden.
1388 2378 2550 2451 Bankverbindungen: Reichsbank, Commerz- u. Privat-
1391 2423 1835 2478 Bank A.-G., Dresden.
1386 2465 2110 2527 Postscheck-Konto: 9189 Dresden.
1384 2508 1993 2566 Geschäftsjahr: 1./1.—31./12.
1381 2556 2482 2618 Grundbesitz: 102 040 qm, davon 36 380 qm bebaut.
1386 2602 2546 2666 Anlagen: Mechanische Werkstätten mit den erforder-
1381 2639 2161 2701 lichen Nebenbetrieben. Gleisanschluß.
1381 2687 2546 2756 Eigene Vertretungen im Ausland: In verschiedenen
1386 2726 1567 2785 Ländern.
1381 2763 2543 2836 Besondere Angaben: Das Unternehmen wurde von
1384 2806 2541 2870 Moritz Hille als Gasmotorenfabrik gegründet. — 1905
1381 2852 2539 2921 erwarb die A.-G. das Werk der Fa. A. Kühnscherf jun.,
1381 2886 2539 2960 Dresden. — 1909 Übernahme der Jacobi-Werk A.-G.,
1379 2932 2539 2996 Meißen. — 1911 wurde die Fa. Dresdner Bohrmaschinen-
1379 2978 2537 3047 fabrik vorm. Bernhard Fischer & Winsch, Dresden, im
1379 3017 2534 3081 Wege der Fusion angegliedert. — 1928 Errichtung eines
1377 3058 2537 3131 neuen Fabrikgebäudes in Dresden-Reick. Die alten
1379 3097 2532 3166 Werke wurden stillgelegt. — 1930 zur Erweiterung des
1375 3141 2537 3214 Fabrikationsprogramms erwarb die Ges. von der Schüttoff
1377 3189 2534 3253 A.-G. in Liqu., Chemnitz, deren Fabrikationszweige.
1375 3223 2534 3292 Die Übernahme erfolgte 1931. Ebenso wurde das Fabri-
1375 3269 2532 3342 kationsprogramm der Fa. Auerbach & Co. G. m. b. H.,
1375 3308 2532 3374 Dresden, übernommen (Ako-Revolverdrehbänke für Ar-
1372 3354 2534 3416 maturen, Optik u. Feinmechanik). — 1934 Verkauf des
1372 3395 2532 3461 Gießereibetriebes an die König-Friedrich-August-A.-G.
1370 3436 2532 3500 in Freital b. Dresden. — 1935 Verkauf eines Teiles des
1370 3480 2014 3539 stillgelegten Werkes in Meißen.
1377 3519 1691 3578 Gefolgschaft:
1801 3523 2530 3585 1927 1931 1932 1933 1934 1935
1372 3567 1585 3624 insgesamt
1810 3567 2035 3638 1100 600
2053 3571 2523 3629 500 500 800 1121
1377 3603 1893 3679 Umsatz (Mill. RM) —
1934 3615 2007 3688 —
2032 3610 2530 3697 2,18 1,65 4,02 5,61
116 2474 712 2561 Hillebrand & Kracht
121 2556 279 2634 jetzt:
119 2621 327 2708 Kracht
114 2689 1125 2783 Pumpen- u. Elektromotorenfabrik,
119 2763 1145 2859 Werdohl (Westf.), Plettenbergstr. 4.
116 2840 1109 2932 Fernruf: 658/659. Drahtanschrift: hilmopumpe
119 2891 451 2960 Gründung: 1911.
121 2930 1246 3001 Fabrikationsprogramm: Kühlwasserpumpen für Metall-
119 2978 1251 3054 bearbeitungsmaschinen. Ölpumpen für hydraulische
116 3019 1246 3095 Zwecke. Wasserpumpen für Be- und Entwässerung.
116 3058 1246 3136 Flüssigkeitspumpen aller Art für Nahrungsmittel-,
116 3104 788 3168 chemische und andere Industrien.
116 3145 806 3216 Inhaber: E. Kracht u. O. Kracht.
116 3182 568 3253 Prokurist: W. Ebberg.
114 3225 1246 3303 Bankverbindungen: Reichsbank, Commerz- u. Privat-
119 3271 1242 3349 Bank A.-G., Altena: Spar- u. Darlehnskasse, Sparkasse,
114 3306 277 3372 Werdohl.
112 3349 774 3425 Postscheck-Konto: 13 465 Köln.
112 3397 687 3468 Geschäftsjahr: 1./1.—31./12.
110 3457 1056 3532 Grundbesitz: 3585 qm, davon 1200 qm bebaut.
112 3507 1242 3574 Anlagen: Maschinenbauwerkstatt mit etwa 120 der
112 3548 1242 3626 modernsten Arbeitsmaschinen, Elektromotorenwickelei.
112 3585 731 3684 Montage-, Lager- u. Packraum.
2415 3794 2532 3881 251
