2796 4124
89 398 925 481 Buttstädter Maschinenfabrik
89 458 696 542 C. E. Buhler Nachf.,
89 529 568 620 Buttstädt, Thür.
91 614 1081 687 Fernruf: 61. Drahtanschrift: buhlernachfolger
98 669 458 723 Gründung: 1878.
96 710 1141 767 Fabrikationsprogramm: Einbau-Dreschmaschinen,
96 751 907 806 Spreugebläse; Eggen; Buttermaschinen.
96 788 779 847 Inhaber: Karl u. Walter Vetter.
91 824 1249 893 Bankverbindungen: Thür. Staatsbank, Commerz- u.
96 877 1090 937 Privat-Bank A.-G., Städt. Sparkasse, Buttstädt.
91 918 767 971 Postscheck-Konto: 1787 Erfurt.
89 962 712 1024 Geschäftsjahr: 1./11.—31./10.
87 1168 822 1257 Butz & Leitz G. m. b. H.
87 1241 1017 1338 Maschinen- und Waagenfabrik,
89 1319 687 1397 Mannheim-Rheinau,
87 1388 836 1473 An den 40 Morgen: 129.
93 1475 673 1544 Fernruf: Mannheim 48 210.
91 1530 889 1585 Drahtanschrift: butz leitz mannheim
93 1576 449 1631 Gründung: 1926.
93 1612 809 1672 Fabrikationsprogramm: Waagen.
91 1647 1244 1722 Bankverbindung: Deutsche Bank u. Disconto-Ges.,
93 1702 453 1754 Mannheim-Reinau.
1187 1738 1242 1805 X
96 1738 1012 1803 Postscheck-Konto: 544 Ludwigshafen/Rh.
1386 387 2550 460 Firma ist auf das Versailler Diktat zurückzuführen. Im
1384 439 2546 499 Jahre 1924 wurde das Meguin-Werk mit der Berlin-An-
1386 478 2548 536 halter-Maschinenbau Akt.-Ges., Berlin, unter der Firma
1386 517 2546 577 Bamag-Meguin Akt.-Ges. vereinigt. Am 3. 9. 1934 wurde
1388 563 2546 630 das Werk im Rahmen des organischen Aufbaues der deut-
1384 609 2543 664 schen Wirtschaft aus dem Bamag-Meguin-Konzern aus-
1386 643 2317 710 gegliedert und erhielt seinen jetzigen Namen.
1386 698 2268 751 Gefolgschaft: 875 Arbeiter u. Angestellte.
1375 921 2390 1010 F. Butzke-Bernhard Joseph A.-G.,
1379 994 2227 1085 Berlin S 42, Ritterstr. 12/14.
1379 1085 1996 1157 Fernruf: 61 42 61 u. 61 39 00.
1384 1138 1927 1198 Drahtanschrift: armatrix
1384 1182 1755 1234 Gründung: 1873.
1379 1214 2541 1283 Fabrikationsprogramm: Armaturen und Apparate für
1381 1262 2543 1315 Gas-, Wasserleitungs- und Heizungsanlagen; vollständige
1384 1308 2539 1367 sanitäre Einrichtungen für Krankenhäuser, Badeanstalten,
1379 1347 2541 1402 Hotels u. Wohnbauten. Gasbeheizte Warmwasserbereiter.
1381 1392 1920 1450 Kapital: RM 1 800 000.—.
1384 1431 2546 1486 Vorstand: Albert Hübner, Berlin; Wilhelm Riese, Rangs-
1384 1470 2374 1532 dorf; Josef Blank, Berlin; Martin Haase, Berlin.
1381 1514 2543 1580 Prokuristen: Obering. Curt Callsen, Walter Gerbert,
1381 1560 1629 1615 Erich Lahn.
1384 1596 2543 1654 Aufsichtsrat: Vors.: Bankdir. E. H. von Berger, Ber-
1377 1631 2539 1704 lin; Stellv.: Alfred Broege, Dir. der Berliner Handels-Ges.,
1379 1679 1526 1738 Berlin.
1379 1720 2543 1782 Bankverbindungen: Berliner Handels-Ges., Deutsche
1379 1766 2330 1828 Bank u. Disconto-Ges., Dresdner Bank, Berlin.
1379 1805 2032 1862 Postscheck-Konto: 676 Berlin.
1377 1851 1980 1910 Geschäftsjahr: 1./1.—31./12.
1375 1913 2399 1988 Grundbesitz: 77 886 qm, davon 29 712 qm bebaut.
1379 1981 2541 2041 Anlagen: Werke in Berlin u. Frankfurt a. M.; Metall-
1381 2025 2539 2082 gießerei mit 23 Schmelzöfen, Metalldreherei, Gürtlerei,
1377 2066 2539 2126 Schleiferei, Vernickelei, Verchromerei und Schlosserei.
1377 2110 2541 2174 Zweigniederlassungen und Fabriklager in: Bielefeld,
1379 2155 2537 2215 Bonn, Breslau, Dresden, Essen, Frankfurt a. M., Ham-
1377 2197 2537 2261 burg, Karlsruhe, Köln, Königsberg, Konstanz, Leipzig,
1375 2238 2539 2300 Ludwigshafen, München, Nürnberg, Saarbrücken, Stettin
1379 2284 1640 2341 u. Stuttgart.
1377 2323 2539 2389 Eigene Vertretungen im Ausland: Italien, England,
1379 2369 2537 2430 Frankreich, Spanien, Jugoslawien, Bulgarien, Serbien,
1379 2407 2539 2467 Lettland, Estland, Littauen, Finnland, Dänemark, Nor-
1377 2453 2539 2506 wegen, Türkei, Griechenland. — Chile, Argentinien, Bra-
1379 2499 2349 2556 silien, Peru, Ägypten, Süd-Afrika, Mandschuko.
1379 2538 2539 2593 Tochtergesellschaften: Armaturen-Fabrik F. Gaebert
1377 2577 2537 2637 G. m. b. H,, Berlin. — Wessel Keramische Werke A.-G.,
1377 2616 1748 2673 Bonn-Poppelsdorf.
1377 2655 2537 2717 Verträge: 1. I. G.-Vertrag mit der „Armaturenfabrik F.
1375 2696 2537 2758 Gaebert G. m. b. H., Berlin“. Betrifft gemeinsamen Fabri-
1375 2742 2530 2797 kationsbetrieb und gemeinsame kaufm. Verwaltung. —
1375 2781 2539 2840 2. Arbeitsgemeinschaftsvertrag mit der Wessel Kera-
1372 2829 2200 2884 mische Werke A.-G., Bonn-Poppelsdorf“.
1375 2886 2539 2950 Besondere Angaben: Die Gründung erfolgte unter Über-
1372 2934 2534 2994 nahme der seit 1873 bestehenden „Metallwaren- und Lam-
1377 2976 2534 3038 penfabrik von F. Butzke & Co.“, Berlin. — 1899 wurde
1372 3017 2534 3072 zwecks Erweiterung des Absatzgebietes eine Verkaufs-
1372 3056 2534 3122 niederlage in Hamburg und zur Steigerung der Produk-
1375 3104 2534 3157 tion in Clausthal a. Harz errichtet. — 1911 ein Gießerei-
1372 3145 2534 3202 betrieb eingerichtet. — 1926 wurde die Übernahme der
1372 3182 2537 3244 Bernhard Joseph A.-G., Berlin, beschlossen. Die anhaltende
1372 3225 2534 3290 Belebung der deutschen Bauwirtschaft ermöglichte eine
1375 3271 2534 3326 weitere Steigerung der Inlandumsätze. Ebenso führten
1375 3317 2532 3370 die intensiven Bemühungen um Ausgestaltung der Aus-
1372 3351 2532 3413 landsbeziehungen und um Erschließung neuer Märkte für
1372 3397 2532 3459 die Erzeugnisse der Ges. zu einem nennenswerten Erfolg.
1377 3450 1709 3505 Gefolgschaft:
1840 3450 2530 3512 1932 1933 1934 1935 1936
1372 3496 1563 3546 Arbeiter
1858 3493 1954 3548 245
2003 3493 2094 3544 230
2149 3493 2239 3544 560
2300 3496 2378 3551 840
2445 3496 2523 3546 953
1379 3537 1636 3590 Angestellte
1858 3537 1954 3583 135
1998 3537 2092 3592 145
2154 3537 2239 3592 170
2300 3532 2376 3590 220
2443 3532 2523 3590 275
1379 3574 2518 3652 Umsatz (Mill. RM) 2,12 2,82 5,2 6,2 8,0*
84 1947 1249 2045 Butzbacher Werke für Eisenverarbeitung
87 2025 634 2107 Aktiengesellschaft,
89 2098 790 2183 Butzbach (Oberhessen),
96 2167 847 2256 Wetzlarer Straße 110/115.
89 2254 953 2330 Fernruf: 62/64. Drahtanschrift: meguin
96 2309 845 2364 Gründung: 1920; Umgründung 1934.
93 2348 1246 2410 Fabrikationsprogramm: Reichsbahnweichen, Drehschei-
89 2394 1242 2451 ben, Schiebebühnen, Lokomotiv-Bekohlungsanlagen; Kran-
91 2435 1244 2495 anlagen, Bandförderer, Behälterbau; allgemeiner Maschi-
89 2478 1244 2536 nenbau; Eisenhochbau; Gesenkschmiedearbeiten; Auto-
93 2515 1113 2584 gen-, Elektro- und elektr. Stumpfstoß-Schweißerei.
91 2556 607 2621 Kapital: RM 1 000 000.—
93 2602 999 2669 Großaktionär: Bamag-Meguin A.-G., Berlin.
93 2639 1184 2701 Vorstand: Dir. Friedrich Fischler, Dir. Gustav Uhle.
93 2682 1120 2740 Prokuristen: Konrad Brandt, Wilhelm Montanus.
91 2721 1244 2799 Aufsichtsrat: Vors.: Dr. jur. Ernst Noelle; Stellv.: Bau-
91 2772 467 2824 rat Ernst Lechner.
91 2802 1239 2875 Bankverbindungen: Deutsche Bank u. Disconto-Ges.,
89 2845 1242 2914 Reichsbank, Dresdner Bank, Gießen; Mathildenstift (Be-
89 2891 616 2950 zirkssparkasse), Butzbach.
89 2930 939 2996 Postscheck-Konto: 8997 Frankfurt a. M.
87 2980 708 3038 Geschäftsjahr: Kalenderjahr.
87 3038 1242 3102 Grundbesitz: 124 374 qm, davon 25 357 qm bebaut; ge-
89 3088 1242 3145 pachtet sind 6000 qm mit 3300 qm bebauter Fläche; ge-
96 3127 682 3182 samte Nutzfläche: 130 374 qm.
89 3168 1239 3235 Anlagen: Betr.-Abt.: Weichenbau, Schienenschweißerei,
89 3205 1239 3278 Elektr.- u. Autogenschweißerei, Form- u. Gesenkschmiede,
91 3255 1239 3312 Apparate-, Behälter- u. Kranbau, Dreherei; Eisenhoch-
89 3287 1242 3358 bau; Reparaturwerkstatt einschl. Elektrowerkstatt und
91 3328 476 3395 Werkzeugmacherei.
89 3367 1203 3438 Eigene Vertretung in Berlin: August Schmilowski.
87 3416 1242 3489 Eigene Vertretungen im Ausland: in allen bedeuten-
87 3454 352 3519 den Ländern.
87 3516 1242 3592 Besondere Angaben: Das Werk wurde im Frühjahr 1920
89 3571 1239 3633 unter der Firma Meguin A.-G. als Rechtsnachfolgerin der
91 3610 1239 3677 seit dem Jahre 1895 in Dillingen/Saar bestehenden Franz
89 3649 1239 3739 Meguin A.-G. gegründet. Die Entstehung der Butzbacher
1964 240 2553 320 Buttstädter — Butzke
1375 3665 1764 3752 *) einschl. Wessel.
2454 3858 2539 3943 99
98 3853 139 3908 7—
