2796 4124
71 357 1232 416 Anteileigner: Karl Erich Dreyer, Neudietendorf; E. L.
71 403 552 460 Holland-Merten, Erfurt.
75 437 1232 504 Geschäftsführer: Karl Erich Dreyer, Erwin Lothar
73 485 391 545 Holland-Merten.
71 531 948 586 Prokuristen: August Wery, Friedr. Stock.
73 565 1228 634 Bankverbindungen: Deutsche Bank u. Disconto-Ges.,
73 614 533 669 Stadtsparkasse, Erfurt.
73 652 749 714 Postscheck-Konto: 1247 Erfurt.
68 691 669 758 Geschäftsjahr: 1./1.—31./12.
68 742 1061 824 Grundbesitz: 4000 qm, davon 3000 qm bebaut.
73 806 825 859 Anlagen: Mechanische Werkstätten.
71 838 1226 909 Eigene Vertretung in Berlin: Obering. A. Gaebler,
73 884 735 941 Bln.-Hessenwinkel, Ahornstr. 12.
73 923 1228 985 Eigene Vertretungen im Ausland: Frankreich, Bel-
71 969 1161 1026 gien, England, Spanien, Italien, Skandinavien, Polen.
68 1010 1221 1076 Tochtergesellschaft: Chemische Fabrik „Devag“
73 1056 366 1108 GmbH. Erfurt.
73 1095 1226 1157 Besondere Angaben: Die Firma wurde vom Erfinder
71 1136 1223 1200 der Vacuumtrocknung, Emil Paßburg, 1904 gegründet
73 1177 1221 1234 u. ging 1929 in den Besitz der Vacuumtrockner GmbH.
71 1221 1223 1280 über. — 1932 übernahm die Deutsche Vacuumapparate
71 1260 1223 1326 G. m. b. H. die Fa. — Vom Gesamtumsatz entfielen 1936
68 1299 621 1363 etwa 60% auf den Export.
68 1344 1223 1409 Gefolgschaft: 40 Arbeiter u. 20 Angestellte (davon je
73 1388 336 1445 2 Lehrlinge).
1359 366 2527 423 eigenes neuzeitliches Verwaltungsgebäude verlegt, das auf
1361 410 2520 467 einem ca. 2400 qm umfassenden Gelände errichtet wurde.
1361 449 2520 508 Mit der immer größeren Entwicklung des Betriebes ver-
1363 492 2520 545 größerte sich naturgemäß der Umsatz u. die Belegschaft
1361 533 2518 588 (1936: 361 Angestellte). Von der Gesamtbelegschaft,
1363 572 2520 634 Fabrik u. Hauptbüro, konnten bis Ende 1936 bereits 143
1361 614 2516 685 Gefolgschaftsmitglieder ihr 25jähriges Jubiläum bei der
1356 655 1636 719 Firma feiern.
1462 201 2527 281 Deulsche Vereinigte — Deutsche Werke
64 1539 1155 1633 Deutsche Vereinigte Schuhmaschinen
66 1610 770 1702 Gesellschaft G. m. b. H.,
66 1681 554 1771 Frankfurt a. M.,
64 1754 930 1844 Hohenzollern-Anlage 13—31.
66 1832 1010 1906 Fernruf: 70 971. Drahtanschrift: unitedshoe
66 1890 412 1947 Gründung: 1900.
68 1926 1223 1995 Fabrikationsprogramm: Maschinen für Schuh- und
66 1965 1223 2032 Schäfte-Fabrikation, Sattlerei-Maschinen, Schuhfurnitu-
68 2013 673 2080 ren, Maschinen-Bedarfsartikel.
73 2050 572 2112 Kapital: RM 2 500 000.—
68 2091 1219 2162 Anteileigner: United Shoe Machinery Corp., Boston,
68 2135 1216 2213 Mass (U. S. A.), u. Internat. Goodyear Shoe Mach. Comp.,
68 2178 210 2238 Boston.
68 2220 898 2281 Geschäftsführer: Dir. Gustav Schröder.
66 2261 1221 2327 Prokuristen: Adami, Bock, Dahmer, Graulich, Klauer,
68 2307 630 2364 O. Schröder, F. Wolff, Zeh.
66 2343 967 2405 Techn. Leiter der Fabrik: Ch. N. Powers.
66 2389 1216 2456 Bankverbindungen: Deutsche Bank u. Disconto-Ges.,
64 2430 1219 2490 Deutsche Effecten- u. Wechselbank, Mitteldeutsche Cre-
66 2472 1219 2550 ditbank, Niederlassung der Commerz- u. Privat-Bank
68 2520 508 2572 A.-G., Frankfurt a. M.
64 2552 907 2616 Postscheck-Konto: 1508 Frankfurt a. M.
64 2602 671 2659 Geschäftsjahr: Kalenderjahr.
64 2659 1219 2726 Anlagen: Hauptbüro, Ersatzteile- u. Furnituren-Lager.
64 2701 992 2772 Fabrikanlagen, Rödelheim, Westerbachstr. 47
64 2747 1216 2811 Eigene Vertretungen: Berlin, Erfurt, Köln, Pirmasens,
66 2790 779 2850 Stuttgart u. Weißenfels a. d. Saale
64 2827 1219 2907 Eigene Vertretung im Ausland: '-Hertogenbosch (Hol-
66 2873 171 2930 land).
61 2909 1216 2976 Tochtergesellschaft: Oesterreichische Vereinigte Schuh-
64 2955 1216 3021 maschinen-Gesellschaft G. m. b. H., Wien, Schottenfeld-
64 2994 233 3058 gasse 85.
61 3040 1216 3102 Besondere Angaben: Die Gesellschaft entwickelte sich
61 3083 1212 3145 aus einer Verschmelzung der International Goodyear Shoe
64 3120 1212 3184 Mach. Comp., der Maschinen- und Werkzeugfabrik, der
68 3161 1210 3232 Stanley Manufacturing Comp. und andere. Sie vertreibt,
64 3202 1214 3271 bis auf Stepperei-Maschinen, alle für eine Schuhfabrik-
61 3246 1212 3315 einrichtung in Frage kommenden Maschinen. Der Fabrik-
68 3287 1207 3365 bau wurde 1903 errichtet und im Laufe der Jahre mehr-
61 3331 1205 3393 fach vergrößert. Das Fabrikgelände umfaßt einen Ge-
61 3372 1210 3445 samtflächenraum von ca. 19 000 qm mit 9100 qm bebauter
61 3409 1212 3484 Fläche. Die Fabrik ist auf das neuzeitlichste eingerichtet
61 3454 1042 3523 und besitzt eine vorbildliche Lehrlingswerkstätte.
61 3493 1212 3569 Die Fabrik-Belegschaft zählte Ende 1936: 500 Arbeiter u.
68 3542 284 3601 Angestellte.
61 3574 1212 3649 Das Hauptbüro, das jahrzehntelang in gemieteten Räu-
57 3619 1210 3713 men untergebracht war, wurde im August 1936 in ein
1352 813 2374 891 Deutsche Waffen- und Munitions-
1352 886 2170 973 fabriken Aktiengesellschaft,
1352 957 2069 1047 Berlin-Charlottenburg 2,
1349 1031 1899 1118 Hardenbergstr. 24.
1354 1111 2516 1177 Fernruf: Berlin 31 81 81; Karlsruhe 5570; Lübeck 34 481.
1361 1161 1920 1216 Drahtanschrift: dewamun
1359 1202 1725 1257 Gründung: 1889.
1359 1248 2518 1303 Fabrikationsprogramm: Maschinen u. Einrichtungen
1354 1285 2514 1349 für Munitionsfabriken; Werkzeugmaschinen, Maschinen
1356 1324 2516 1383 für Massenverpackung; elektrische Industrieöfen; Axial-
1359 1365 2514 1427 Stahlkompensatoren; wärmewirtschaftliche Apparate;
1356 1404 2516 1468 Preß-, Zieh- u. Stanzteile aus Metall; Aluminiumwaren;
1359 1450 2514 1514 Metall-Schläuche; Federungskörper; Leichtstahlflaschen;
1356 1496 2516 1560 Aluminiumflaschen; Spinnnspulen u. Spinntöpfe für die
1359 1535 1792 1594 Kunstseidenindustrie.
1356 1576 1902 1635 Kapital: RM 17 500 000.—
1359 1619 2514 1674 Vorstand: Hermann Zillinger, Oberndorf/N.; Dr. ing.
1356 1663 2514 1722 Albert Wolff, Carl Bolle, Dipl.-Ing. Hermann Schmidt,
1354 1704 2188 1764 Berlin; Ing. Adolf Schneider, Karlsruhe.
1356 1743 2516 1805 Prokuristen: Dir. Eugen Krauß, Dir. Dipl.-Ing. Otto
1356 1787 2514 1844 Rinkel, Franz Demmer, Paul Eberhardt, Alfred Groß-
1354 1828 2511 1890 mann, Berlin; Dir. Carl Willi Welcker, Dipl.-Ing. Hans
1352 1867 2514 1938 Fetzer, Karlsruhe; Dir. Ludwig Rübsam, Dir. Hugo
1352 1913 1721 1977 Lampart, Lübeck.
1356 1958 2518 2020 Aufsichtsrat: Vors.: Dr. Günther Quandt; Stellv.: Paul
1352 1995 1656 2052 Rhode, Berlin.
1354 2036 2514 2098 Bankverbindungen: Bankgeschäft Sponholz & Co.
1359 2082 2514 2142 (vorm. H. Herz) K.-G., Commerz- u. Privat-Bank A.-G.,
1354 2119 2514 2178 Deutsche Bank u. Disconto-Ges., Dresdner Bank, Reichs-
1356 2162 2032 2220 Kredit-Gesellschaft A.-G., Berlin.
1354 2213 2514 2270 Postscheck-Konten: 6000 u. 151 452 Berlin; 601 Karls-
1354 2254 1787 2311 ruhe; 9243 Hamburg.
1347 2291 1975 2350 Geschäftsjahr: Kalenderjahr.
1352 2350 2509 2410 Grundbesitz: 650 000 qm, davon 230 000 qm bebaut.
1352 2394 2507 2456 Fabrikanlagen in: Berlin-Borsigwalde. — Karlsruhe/
1352 2435 2509 2504 Baden. — Grötzingen b. Karlsruhe. — Lübeck-Schlutup.
1349 2481 2511 2540 Eigene Vertretungen in Berlin u. im Ausland: Aus-
1349 2527 2284 2582 kunft: Hauptverwaltung, Bln.-Charlottenburg.
1352 2566 2511 2630 Tochtergesellschaften: Maschinen für Massenverpackung
1352 2614 2507 2664 GmbH., Lübeck-Schlutup. — Mauser-Werke A.-G., Obern-
1349 2646 2502 2710 dorf/N. — Dürener Metallwerke A.-G., Düren (Rhld.),
1349 2692 2509 2749 Besondere Angaben: Die Gesellschaft ist aus der 1872
1354 2740 2504 2797 gegründeten Firma H. Ehrmann & Cie. u. der am 14. 2.
1354 2776 2507 2834 1889 gegründeten Deutschen Metallpatronenfabrik in
1352 2815 2504 2877 Karlsruhe hervorgegangen, welche Ende 1896 unter In-
1347 2859 2507 2914 derung der Firma in „Deutsche Waffen- u. Munitions-
1349 2898 2507 2953 fabriken“ die Waffenfabrik der Firma Ludwig Loewe
1347 2944 2507 2999 übernahm. Nach dem Kriege wurde die Firma in Berlin-
1347 2978 2507 3047 Karlsruher Industrie-Werke A.-G. geändert; im Jahre
1349 3031 2424 3090 1936 aber die alte Firmierung wieder aufgenommen.
1338 3177 2504 3271 Deutsche Werke Kiel Aktiengesellschaft,
1345 3251 1501 3333 Kiel.
1340 3328 2427 3409 Fernruf: Samm.-Nr. 6300. Drahtanschrift: deweka
1345 3388 1711 3443 Gründung: 1925.
1345 3427 2507 3487 Fabrikationsprogramm: Schiffsbauten jeder Art;
1347 3473 2495 3528 Schiffsreparaturen; geschweißte Stahlkonstruktionen. —
1345 3514 2504 3571 Schiffsdampfmaschinenanlagen, Schiffsdampfkessel; Schiffs-
1342 3555 2500 3608 hilfsmaschinen u. Schiffspumpen; Dieselmotoren für
1345 3594 2502 3654 Schiffsantrieb u. ortsfeste Anlagen, Gas- u. Wechsel-
1340 3642 2504 3716 motoren, Diesel-Lokomotiven; Motortauchpumpen; Prä-
2401 3828 2507 3894 121
