2796 4124
64 270 1221 345 Aufsichtsrat: Vors.: Dr. phil. h. c. Oscar Schlitter,
68 327 208 382 Berlin.
61 352 1221 426 Bankverbindungen: Reichsbank, Deutsche Bank u. Dis-
71 412 304 467 A.-G., u. a.
66 442 737 508 Postscheck-Konto: 2347 Essen.
59 492 657 559 Geschäftsjahr: 1./1.—31./12.
59 547 1223 611 Grundbesitz: 792 068 qm, davon 364 010 qm bebaut;
64 597 1136 655 gepachtet sind 1253 qm mit 661 qm bebauter Fläche.
61 643 1219 696 Anlagen: Maschinenfabrik in Düsseldorf-Benrath: Ma-
61 678 1216 742 schinenfabrik in Duisburg; Hoch- u. Brückenbauanstalt
64 719 1216 778 in Duisburg-Hochfeld; Maschinenfabrik in Wetter-Ruhr;
61 762 1216 822 Metall-Gießerei in Mülheim-Ruhr; Maschinenfabrik in
61 806 788 868 Duisburg vorm. Jaeger G. m. b. H
61 847 1216 911 Eigene Vertretung in Berlin: Büro Berlin NW 7,
59 891 545 948 Hermann-Göring-Str. 26.
61 937 1219 989 Eigene Vertretungen im Auslande: Die Demag hat
61 971 1216 1035 über 100 Vertretungen in allen Hauptstädten in Europa
64 1019 705 1072 u. dem überseeischen Ausland.
61 1051 1212 1120 Tochtergesellschaften: Demag-Untertage G m. b. H.,
61 1095 1214 1154 Essen. — Demag-S. A. Italiana, Mailand. — Maquinaria
59 1140 1210 1205 Demag S. L., Bilbao. — Demag-Elektrostahl G. m. b. H.,
59 1177 1212 1241 Duisburg. — Demag-Polypgreifer G. m. b. H., Duisburg.
59 1223 1214 1280 — Rybnika Maschinenbau G. m. b. H., Rybnik. — Reich-
59 1262 916 1319 mann-Becker-Polyp G. m. b. H., Duisburg.
59 1312 1216 1370 Besondere Angaben: Das älteste Stammwerk der Firma
59 1349 1212 1411 war die 1819 gegründete Firma „Mechanische Werkstätte
59 1388 1212 1450 Harkort & Co.“ in Wetter, aus der 1873 die „Märkische
59 1429 1212 1493 Maschinenbauanstalt vorm. Kamp & Co.“ entstand.
59 1473 1212 1535 Durch Vereinigung dieser Firma mit der Maschinenfabrik
59 1514 1212 1573 Stuckenholz und Zusammenschluß mit den Firmen „Ma-
57 1555 1207 1622 schinenbau A.-G. vorm. Bechem & Keetman“ in Duisburg.
59 1599 1207 1658 und der Benrather Maschinenfabrik G. m. b. H.“ in Ben-
59 1647 1205 1704 rath entstand 1910 die „Deutsche Maschinenfabrik A.-G.“
57 1686 1210 1743 mit Sitz in Duisburg. Diese erwarb Anfang 1926 die Ma-
57 1727 1207 1780 schinenbau A.-G. Tigler zu Duisburg-Meiderich mit der
61 1771 1196 1823 dieser gehörigen „Maschinenfabrik Jaeger G. m. b. H.“
57 1809 1207 1871 zu Duisburg. Dieser ganze Werksbesitz wurde am 12. 8.
59 1848 1205 1910 1926 mit den Werksanlagen der Thyssen & Co. A.-G. zu
57 1885 1207 1954 Mülheim/Ruhr in der neugegründeten „Demag Aktien-
57 1935 1205 1990 gesellschaft“ in Duisburg vereinigt. Die Gesellschaft
55 1977 1207 2043 beschäftigt etwa 8000 Gefolgschaftsmitglieder, hat
55 2020 1205 2080 ausgedehnte Lehrlingswerkstätten mit ewa 500 Fach-
55 2057 1205 2114 arbeiterlehrlingen. Die Demag betätigt sich ganz be-
55 2103 1203 2165 sonders stark im Auslands- und Überseegeschäft. Sie
55 2146 1205 2206 führte bedeutende Lieferungen aus in alle Teile der Welt.
55 2181 999 2245 Die Demag hat 1050 eigene Werkswohnungen.
1352 286 2328 364 Wilhelm Dempewolf, Zahnräder-
1347 355 2326 444 u. Getriebe-Fabrik, Komm.-Ges.,
1352 426 2207 508 Köln-Ehrenfeld, Lichtstr. 28.
1349 513 2349 572 Fernruf: 58 155/6. Drahtanschrift: dempewolf
1352 561 1716 614 Gründung: 1907.
1352 597 2514 655 Fabrikationsprogramm: Zahnradgetriebe u. Zahnräder.
1354 643 1984 703 Inhaber: Wilhelm Dempewolf.
1352 682 2516 742 Prokuristen: Kurt Dempewolf, Karl Comes, Josef
1349 726 1519 781 Görgen.
1352 762 2514 831 Bankverbindungen: Deutsche Bank, Köln-Ehrenfeld;
1352 806 2326 863 Reichsbankgirokonto, Städt. Sparkasse, Köln.
1349 847 2014 902 Postscheck-Konto: 5975 Köln.
1349 893 1980 950 Geschäftsjahr: Kalenderjahr.
1347 941 2511 1012 Grundbesitz: 2415 qm, davon 1848 qm bebaut; gepachtet
1349 998 2509 1058 sind 600 qm mit 600 qm bebauter Fläche; gesamte Nutz-
1349 1042 1679 1095 fläche: 3015 qm.
1349 1081 2511 1145 Anlagen: Kaufm., techn. u. Konstruktions-Büro. Frä-
1349 1124 2509 1177 serei-, Dreherei, Hoblerei, Werkzeugmacherei, Modell-
1345 1161 2511 1218 tischlerei u. Montage-Abteilungen; besondere Modell-
1349 1209 2417 1264 Abteilung; Fabrikationsmaterial- u. Werkzeuglager.
1345 1248 2509 1308 Besondere Angaben: Hervorgegangen aus der früheren
1347 1292 2500 1354 „Dempewolf Maschinen- u. Zahnräderfabrik Akt.-Ges.“
1345 1331 2509 1390 zu Köln-Ehrenfeld, die 1932 in Konkurs geriet u. deren
1349 1370 2195 1436 Vorstand Herr Wilhelm Dempewolf war.
1345 1411 2509 1470 Der Betrieb wurde 1932 mit etwa 15 Angestellten und
1345 1459 2507 1512 Arbeitern eröffnet u. umfaßt heute 145 Gefolgschafts-
1345 1498 2507 1564 mitglieder; der Monatsumsatz steigerte sich von 12 000
1342 1539 1682 1596 auf 100 000 RM.
1345 1580 2509 1645 Die Einzelfirma ist ab 1. 1. 1937 in eine K.-G. umge-
1347 1631 2500 1688 wandelt worden, in der die 3 Kinder des W. D. als
1345 1670 2064 1732 Komm. Aufnahme gefunden haben.
1792 132 2511 219 Demag-Polyp — Depiereux
1340 1803 1801 1890 Gustav Denzer,
1340 1874 1737 1963 Stolp i. Pom.
1340 1961 2284 2027 Fernruf: 2237/38. Drahtanschrift: gudesto
1342 2009 1714 2064 Gründung: 1895.
1345 2050 2502 2110 Fabrikationsprogramm: Maschinen- u. Apparatebau für
1342 2091 2502 2144 die Spiritusindustrie; Dampfkessel; Landmaschinenbau
1340 2135 2360 2194 (Breit- u. Kleesämaschinen); Reparaturwerkstatt.
1340 2176 2502 2236 Geschäftsleiter: Gustav Denzer sen., Gustav Denzer
1342 2217 1808 2277 jun., Wilhelm Denzer.
1340 2259 1984 2311 Vorstand: Gustav Denzer jun.
1340 2302 1821 2355 Prokurist: W. Koefer.
1340 2334 2500 2398 Bankverbindungen: Reichsbank, Pommersche Bank
1340 2382 1753 2444 A.-G., Stolp i. Pom.
1342 2423 2014 2485 Postscheck-Konto: 203 Stettin.
1336 2467 1943 2527 Geschäftsjahr: 1./1.—31./12.
1333 2520 2351 2593 Grundbesitz: 23 000 qm, davon 5200 qm bebaut.
1336 2572 2495 2630 Anlagen: Kaufm. u. techn. Büros, Maschinen- u. Mon-
1336 2614 2498 2676 tagehalle, Gießerei, Tischlerei, Kessel- u. Kupferschmiede;
1338 2655 2275 2712 elektr. Einzelantrieb; Transformatorenstation.
1336 2696 2498 2753 Tochtergesellschaft: Gustav Denzer, Lauenburg, Eisen-
1336 2742 2498 2802 gießerei u. Maschinenfabrik, Handel mit Landmaschinen
1336 2781 2495 2845 u. Geräten; Ersatzteillager, Reparaturen. Grundbesitz:
1336 2822 1909 2879 12 000 qm, 6000 qm bebaut.
1336 2859 2495 2921 Besondere Angaben: Fa. von dem Inh. G. D. sen. ge-
1333 2907 2495 2960 gründet u. handelsgerichtlich eingetragen. Vorhanden
1336 2948 2493 3001 war Reparaturwerkstätte für Landmaschinen. Beleg-
1333 2989 2493 3042 schaft 5 Personen. Betrieben wurde der Handel mit Ma-
1338 3031 2493 3093 schinen u. Geräten. — 1904 erhebliche Erweiterung des
1331 3072 2488 3131 Betriebes durch Errichtung einer Maschinenhalle, später
1333 3118 2491 3175 Bau einer Gießerei u. Kesselschmiede. — 1930 Erweite-
1333 3159 2491 3219 rung der Kesselschmiede u. Bau einer Kupferschmiede,
1333 3196 2188 3260 Errichtung von Räumen für Apparatebau.
1333 3241 2495 3296 Gefolgschaft: 120 Arbeiter (davon 25 Lehrlinge) u. 20
1333 3278 1998 3345 Angestellte (davon 3 Lehrlinge).
1336 3324 2491 3386 Die Lehrlinge werden von einem Meister in allen Teilen
1329 3365 2218 3438 des Maschinenbauerhandwerks ausgebildet.
50 2325 1093 2421 Demag-Polyp-Greifer G. m. b. H.,..
50 2398 898 2488 Duisburg, Werthauserstr. 24.
52 2488 896 2566 Fernruf: 26 471. Drahtanschrift: polyp
52 2538 403 2595 Gründung: 1930.
55 2577 744 2639 Fabrikationsprogramm: Greifer.
55 2623 1205 2682 Bankverbindungen: Reichsbank, Commerz- u. Privat-
55 2659 499 2726 Bank A.-G., Duisburg
52 2708 751 2765 Postscheck-Konto: 10 365 Essen.
52 2747 1203 2836 Eigene Vertretung in Berlin: Divl.-Ing. H. Wenk,
52 2795 955 2870 Hermannn-Göring-Str. 26; Fernruf: 12 72 91.
48 2941 538 3031 Carl Dempewolf,
45 3012 875 3111 Braunschweig, Juliusstr. 33.
48 3099 355 3159 Fernruf: 5436.
50 3138 1056 3219 Drahtanschrift: carl dempewolf maschinenfabrik
50 3184 401 3248 Gründung: 1919.
48 3219 1200 3303 Fabrikationsprogramm: Abdampf-Entölungs-Anlagen,
52 3262 699 3335 Preßluftöl- u. Wasserabscheider.
50 3303 1198 3383 Bankverbindungen: Deutsche Bank u. Disconto-Ges.,
52 3347 937 3416 Bank der Deutschen Arbeit, Braunschweig.
48 3393 788 3457 Postscheck-Konto: 6472 Hannover.
52 3434 660 3498 Geschäftsjahr: Kalenderjahr.
45 3493 1196 3583 Eigene Vertretung in Berlin: Richard Tetzner, Bln.-
48 3537 517 3617 Tempelhof, Dorfstr. 35.
91 3739 724 3833 Maschinen-Industrie 1937
1324 3484 1638 3569 H. Depiereux
1326 3551 2401 3633 siehe Dürener Masch.-Fabr. u. Eisengießerei
2383 3729 2493 3833 113
