2796 4124
105 334 1276 391 Dresden. — Eisenwerk Coswig Aktiengesellschaft, Dres-
110 371 1271 442 den. — Händel & Reibisch, Maschinenbau Calberla,
110 414 291 481 Dresden.
110 444 1274 526 Besondere Angaben: Bei Gründung der Firma be-
112 499 1274 565 schäftigte sich das Unternehmen speziell mit der Kon-
110 540 1274 604 struktion für Maschinen zur Herstellung von Zigaretten
112 584 1271 648 mit Kartonmundstück. — 1904 Errichtung einer Werk-
112 627 1276 687 statt, die sich mit Verbesserungen an den konstruierten
114 664 1271 735 Maschinen beschäftigte u. später selbst Maschinen baute.
114 707 1274 767 — 1910 Umwandlung der Firma in eine A.-G. — 1913
114 751 1271 813 Erwerb eines Grundstücks u. Errichtung eines Fabrik-
114 790 1274 861 gebäudes. — 1915 Umwandlung der A.-G. in K.-G. unter
114 833 1276 895 der obigen Firmenbezeichnung. — 1918 Erwerb zweier
114 879 1278 937 Grundstücke u. weitere Ausdehnung des Unternehmens
112 923 774 978 durch umfangreiche Neubauten.
114 948 1281 1021 Im Verlauf der Entwicklung wurden verschiedene Kon-
114 1005 1278 1063 kurrenz-Unternehmen erworben, so 1915 die Maschinen-
114 1037 1278 1115 fabrik Händel & Reibisch, Dresden, 1916 Eisenwerk
114 1090 1278 1147 Coswig A.-G. u. Maschinenbau Calberla, von denen die
116 1129 1281 1189 Maschinenfabrik Calberla der „Universelle“ angegliedert
116 1173 1278 1232 wurde, während die Eisenwerk Coswig A.-G. selbständig
116 1214 1276 1278 blieb, 1919 die Präzisionsmaschinen-Fabrik Dresden. —
119 1255 1278 1324 1930 ging die Firma United Cigarette Machine Company
121 1299 1274 1365 Aktiengesellschaft in den Besitz der „Universelle“ über,
119 1338 1274 1399 ebenso im Jahre 1936 die Maschinenfabrik „Progress“.
121 1379 1281 1452 Durch Angliederung dieser Firmen u. durch Erweite-
119 1425 1281 1489 rung des Fabrikations-Programmes ist die Firma in
121 1461 1281 1525 der Lage, komplette Anlagen von der Verarbeitung des
119 1509 1285 1578 Rohtabakblattes an bis zur fertig verpackten Zigarette
119 1562 348 1617 zu liefern.
1400 313 2562 380 Aufsichtsrat: Vors.: Gen.-Dir. i. R. Dr. ing. Westphal,
1404 361 2520 423 Markkleeberg; Stellv.: Dr. ing. Fritz v. Delius, Plessa.
1400 396 2562 467 Bankverbindungen: Reichsbank, Kllgemeine Deutsche
1402 446 2562 506 Credit-Anstalt, Sächs. Staatsbank, Stadt- u. Girobank,
1404 492 1572 552 Leipzig.
1404 533 2145 593 Postscheck-Konto: 51 291 Leipzig.
1404 577 1980 639 Geschäftsjahr: 1./7.—30./6.
1402 634 2468 705 Grundbesitz: 18 950 Im, davon 11 905 qm bebaut.
1407 680 2564 744 Anlagen: Werkstätten mit Dreherei, Fräserei, Hobelei,
1407 721 2548 788 Schlosserei u. Nieterei. Montagehallen. Gleisanschluß.
1407 767 2488 833 Eigene Vertretung in Berlin: Obering. A. Kunath.
1407 804 2566 870 Besondere Angaben: Die Fa. Maschinenfabrik Unruh &
1407 843 2566 916 Liebig, Leipzig-Plagwitz, wurde 1899 von der „Peniger
1407 893 2566 950 Maschinenfabrik u. Eisengießerei A.-G.“, Penig i. Sa.,
1409 937 2569 998 käuflich erworben; sie bildet heute eine Abteilung der
1409 982 1526 1042 A.-G.
1409 996 2571 1083 Auf allen Fabrikationsgebieten besteht vielseitiger
1411 1069 1579 1136 Export.
119 1686 1221 1775 Universelle Hydraulik Ges. m. b. H.,
119 1766 928 1848 Chemnitz, Lerchenstraße 4.
121 1842 1008 1924 Fernruf: 45 316. Drahtanschrift: öltrieb
123 1903 483 1958 Gründung: 1931.
126 1933 1292 2007 Fabrikationsprogramm: Hydraulische Getriebe nach
126 1979 1287 2043 eigener Konstruktion. Anfertigung von Konstruktionen
123 2020 1287 2084 hydraulisch angetriebener Maschinen, insbesondere Werk-
126 2073 442 2126 zeugmaschinen.
128 2110 591 2171 Kapital: RM 20 000.—
128 2146 852 2215 Anteileigner: Ing. Fritz Wegerdt.
128 2178 1251 2247 Geschäftsführer: Ing. Fritz Wegerdt, Karl Wegerdt.
128 2236 1100 2293 Bankverbindung: Sächsische Bank, Chemnitz.
130 2281 859 2339 Postscheck-Konto: 10 085 Leipzig.
128 2320 735 2387 Geschäftsjahr: 1./1.—31./12.
130 2375 744 2446 Anlagen: Konstruktionsbüro.
130 2414 1297 2483 Besondere Angaben: Das Unternehmen ist von Ing.
132 2465 1292 2527 Fritz Wegerdt als Ingenieurbüro gegründet worden. —
132 2499 1294 2568 1936 wurde mit der Fa. Gebr. Unger A.-G., Chemnitz,
132 2550 1294 2609 ein Vertrag geschlossen, der die A.-G. verpflichtet, die
132 2591 1297 2650 von der Ges. konstruierten Getriebe zu bauen. Die Über-
132 2630 1297 2692 wachung der Fabrikation erfolgt durch die Ingenieure
132 2673 1297 2735 des Unternehmens. Es bestehen außerdem vertragliche
135 2717 1297 2781 Arbeitsgemeinschaften mit deutschen und ausländischen
132 2767 304 2829 Firmen.
1409 1266 2484 1360 Uslarer Mühlen- und Maschinenbau
1416 1347 1769 1436 W. Scheetz,
1414 1415 2080 1507 Uslar, Auschnippe 19.
1414 1484 2401 1569 Fernruf: 460. Drahtanschrift: maschinenbau
1416 1555 1785 1612 Gründung: 1897.
1418 1573 2580 1656 Fabrikationsprogramm: Maschinen für die Nahrungs-
1418 1635 1915 1693 u. Genußmittelindustrie.
2525 1651 2573 1773 3
1416 1674 2218 1750 Bankverbindung: Kreditbank, Uslar.
1954 164 2559 233 Universelle — Vasanta
1416 1881 2401 1977 Uta-Garvens-Pumpen Kom.-Ges.,
1416 1963 1856 2045 Pleuger & Co.,
1418 2027 2431 2119 Berlin S0 36, Kottbuser Ufer 41.
1420 2107 2397 2188 Fernruf: 68 55 54. Drahtanschrift: utapumpe
1425 2169 1789 2224 Gründung: 1929.
1425 2188 2585 2272 Fabrikationsprogramm: Überdrucklose Unterwasser-
1425 2242 2585 2311 motoren, Elektromotoren in Sonderbauart; Wasserstands-
1425 2288 2372 2348 wächter. Kreiselpumpen, Handkolbenpumpen.
1425 2334 2101 2391 Gesellschafter: Fr. W. Pleuger.
1425 2371 2085 2435 Prokurist: Wilhelm Meinardus.
1425 2410 2587 2478 Bankverbindungen: Dresdner Bank, Reichs-Kredit-Ge-
1430 2460 1909 2522 sellschaft A.-G., Berlin.
1427 2497 2163 2559 Postscheck-Konto: 101 115 Berlin.
1425 2545 2012 2604 Geschäftjahr: 1./1.—31./12.
1427 2588 2592 2678 Anlagen: Schlosserei, Wickelei, Dreherei, Montage;
1430 2657 1645 2714 Prüfstand.
1430 2669 2589 2753 Tochtergesellschaften: Unterwasserpumpen-Exportge-
1430 2726 2498 2795 sellschaft Pleuger & Co., S0 36, Kottbuser Ufer 41.
130 2912 639 3003 Unruh & Liebig,
130 2989 1283 3079 Leipzig W 31, Naumburger Straße 28.
135 3070 1152 3138 (Abteilung der „Peniger Maschinenfabrik und
135 3129 627 3191 Eisengießerei A.-G.“).
137 3184 1047 3251 Fernruf: 44 451. Drahtanschrift: elevator
142 3237 495 3292 Gründung: 1880.
139 3253 1306 3328 Fabrikationsprogramm: Aufzüge für Personen und
139 3310 1301 3372 Lasten. Krane aller Art. Greifer. Transportanlagen; Be-
137 3351 1304 3418 kohlungs- u. Entaschungs-Anlagen. Förderanlagen ver-
144 3393 1299 3457 schiedenartigster Konstruktion. Hängebahnen. Verlade-
139 3438 1304 3505 anlagen. Waggonkipper. Speichereinrichtungen f. Stück-
144 3487 465 3542 u. Massengüter.
142 3528 632 3583 Kapital: RM 592 000.—
144 3555 1306 3619 Vorstand: Dr. Martin Pape, Leipzig; Karl Euler, Penig.
142 3608 1097 3677 Prokuristen: Jensen, Giebler, Hilge, Günther.
1432 2950 2479 3049 Vasanta Maschinenfabrik Akt.-Ges.,
1430 3026 1867 3118 Dresden-N. 15.
1432 3093 2339 3173 Fernruf: 53 548. Drahtanschrift: vasanta
1434 3154 1805 3212 Gründung: 1922.
1432 3177 2592 3260 Fabrikationsprogramm: Strickmaschinen, Regelgetriebe.
1434 3235 1936 3296 Kapital: RM 300 000.—.
1436 3273 2200 3335 Vorstand: Walter Schnutz, Dresden.
1436 3303 2523 3388 Aufsichtsrat: Vors.: Bankier A. Reichelt, Dresden.
1436 3354 2589 3438 Bankverbindung: Bankhaus Bassenge & Fritzsche,
1436 3409 1620 3464 Dresden.
1436 3443 2165 3507 Postscheck-Konto: 5131 Dresden.
1432 3484 2060 3558 Geschäftsjahr: Kalenderjahr.
1436 3535 2596 3622 Anlagen: Mechanische Werkstätten mit den erforder-
1434 3597 1904 3672 lichen Nebenbetrieben.
2488 3757 2603 3853 607
