2796 4124
100 357 1262 419 Aufsichtsrat: Vors.: J. H. Connor, Boston; Stellv.:
100 389 715 453 Gust. Schröder, Frankfurt/M.
100 430 1260 501 Bankverbindungen: Reichsbank, Dresdner Bank, Deut-
100 483 1258 545 sche Effekten- u. Wechselbank, Nassauische Landesbank,
100 522 362 579 Frankfurt/M.
100 547 914 618 Postscheck-Konto: 4173 Frankfurt/M.
96 604 701 669 Geschäftsjahr: 1./1.—31./12.
100 652 1171 728 Grundbesitz: 32 710 qm, davon 10 599 qm bebaut.
100 707 1262 778 Anlagen: Fabrikanlagen befinden sich in Oberursel.
100 758 389 811 Gleisanschluß.
100 781 1262 854 Besondere Angaben: Vom Gesamtumsatz entfielen 1936
103 840 481 893 % auf den Export.
100 870 1129 937 Gefolgschaft: 250 Mitglieder (einschl. Lehrlinge).
100 911 1262 987 Zur Ausbildung des Nachwuchses wird eine Lehrlings-
100 969 582 1033 werkstätte unterhalten.
96 1083 1189 1170 Maschinenfabrik Ventzki, G. m. b. H.,
96 1157 671 1248 Eislingen (Württ.).
96 1234 1070 1305 Fernruf: 3213. Drahtanschrift: ventzkiwerk
100 1294 467 1347 Gründung: 1907.
100 1319 1262 1395 Fabrikationsprogramm: Landwirtschaftliche Maschinen:
103 1376 1260 1434 Ackergeräte, Pflüge, Kultivatoren, Eggen, Hackgeräte,
105 1415 419 1480 Dämpfapparate.
100 1459 598 1516 Kapital: RM 760 000.—
100 1500 829 1557 Geschäftsführer: Rudolf Ventzki.
100 1532 1265 1606 Bankverbindungen: Reichsbankgirokonto, Dresdner
100 1585 467 1645 Bank, Göppingen.
100 1628 841 1683 Postscheck-Konto: 1882 Stuttgart.
100 1670 721 1725 Geschäftsjahr: Kalenderjahr.
103 1720 1267 1789 Anlagen: Maschinenbau- u. mechanische Werkstätten.
100 1775 1262 1839 Besondere Angaben: Die Gesellschaft wurde in Grau-
100 1819 1265 1874 denz gegründet. Nach Verlust von Graudenz an Polen
105 1858 1262 1917 wurde die Fabrik in Eislingen die einzige Erzeugungs-
103 1901 1262 1963 stätte für Ventzki-Geräte in Deutschland, bis 1921 für
100 1942 1265 2000 die Belieferung des Ostens die Maschinenfabrik Ventzki,
107 1981 1262 2041 K.-G., in Stolp begründet wurde. Eine Zweignieder-
100 2032 760 2087 lassung befindet sich in Kassel.
1398 341 2557 410 Bankverbindungen: Reichsbank, Commerz- u. Privat-
1400 394 1957 451 Bank A.-G., Gummersbach.
1395 437 2087 501 Postscheck-Konto: 35 490 Köln.
1395 490 2557 559 Eigene Vertretung in Berlin: 1. Adolf Peucker, 80 16,
1398 542 2385 609 Köpenicker Str. 40/1. (Nur für Sägemaschinen.)
1393 707 2406 788 Maschinenfabrik Arthur Vondran,
1395 781 2232 861 Halle (Saale), Königstr. 58.
1395 859 2454 932 Fernruf: 21 131. Drahtanschrift: elektrovondran
1398 916 1764 973 Gründung: 1905.
1398 943 2555 1017 Fabrikationsprogramm: Tankanlagen für Mineralöle,
1398 1001 2346 1058 Automobiltankanlagen, Desinfektionsapparate.
1398 1035 2518 1095 Bankverbindung: Mitteldeutsche Landesbank, Halle.
1395 1083 2106 1152 Postscheck-Konto: 9599 Leipzig.
1393 1241 2177 1328 Maschinenfabrik WAFIOS
1400 1317 2202 1406 Wagner, Ficker u. Schmid,
1395 1390 2378 1484 Reutlingen (Wttbg.), Karlstr. 49.
1395 1477 2294 1535 Fernruf: 2751/53. Drahtanschrift: wafios
1400 1523 1762 1578 Gründung: 1893.
1398 1564 2562 1622 Fabrikationsprogramm: Spezialmaschinen für die Draht-
1400 1606 1595 1663 industrie.
1398 1647 2559 1709 Inhaber: Ernst Wagner, Hans Ficker, Otto Schmid u.
1400 1688 1876 1745 Dr. ing. O. C. Schmid.
1400 1732 2562 1789 Prokuristen: Otto Martini, Richard Wick, Alfred Hau-
1402 1775 1918 1830 bensak u. Eugen Knecht.
1400 1807 2562 1878 Bankverbindungen: Reichsbank, Deutsche Bank u. Dis-
1402 1862 2213 1917 conto-Ges., Dresdner Bank, Reutlingen.
1402 1903 2129 1956 Postscheck-Konto: 4173 Stuttgart.
1400 1947 2025 2002 Geschäftsjahr: Kalenderjahr.
1395 1997 2415 2064 Grundbesitz: 23 110 qm, davon 15 846 qm bebaut.
1400 2052 2399 2110 Anlagen: Elektroden-Schweißanlage u. Härterei.
1400 2091 2559 2149 Eigene Vertretung in Berlin: Paul Knopp. Maschinen-
1398 2137 2365 2188 fabrik u. Handlung, SW 19, Neue Grünstr. 17.
1402 2171 2559 2236 Zweigniederlassung: Maschinenfabrik Wafios, Wagner,
1398 2220 2262 2279 Ficker u. Schmid, Filiale Köln-Mannsfeld.
1398 2263 2559 2323 Prokurist der Zweigniederlassung: August Neuhaus,
1402 2307 1647 2364 Köln a. Rh.
1398 2346 2562 2403 Besondere Angaben: Die Firma hat sich aus kleinen
1400 2389 2559 2444 Anfängen heraus zu ihrer heutigen Bedeutung entwickelt.
1400 2430 2557 2483 — 1911 Erweiterungsbau, der die Leistungsfähigkeit
1400 2467 2559 2524 wesentlich erhöhte. — 1914 fusionierte sich die Firma
1400 2513 2557 2568 „Wagner und Ficker“ mit der im Jahre 1896 gegründeten
1400 2556 2557 2611 „Maschinenfabrik Otto Schmid, Feuerbach“ unter der
1400 2598 2559 2653 Firma „Maschinenfabriken Wagner, Ficker und Otto
1398 2641 2559 2696 Schmid“. — 1916 wurde ein größeres Fabrikanwesen Karl-
1402 2685 2562 2740 straße 49 erworben. — 1927 wurde die Maschinenfabrik
1398 2724 2557 2785 Leopold Tonnar, Köln, erworben, deren Räume als Aus-
1400 2765 2557 2822 stellungslokal heute noch benutzt werden. Zu gleicher
1398 2806 2557 2863 Zeit wurde die Firma Maschinenfabrik „Südwerk A.-G.,
1398 2850 2559 2900 Reutlingen“, erworben. Im Laufe dieses Jahres hat das
1400 2891 2557 2948 Unternehmen einen weiteren größeren Neubau errichtet.
1398 2930 2557 2999 Die Wafios-Spezial-Maschinen sind in der ganzen Welt
1398 2973 1890 3031 als erstklassig bekannt.
1395 3010 2000 3076 Gefolgschaft: 500 Personen.
98 2144 1054 2242 Maschinenfabrik Ventzki, K.-G.,
105 2226 513 2318 Stolp (Pom.).
103 2300 1251 2369 Fernruf: 2424 u. 3244. Drahtanschrift: ventzkiwerk
105 2359 469 2410 Gründung: 1921.
105 2394 1269 2453 Fabrikationsprogramm: Pflüge für Gespann- u. Trek-
103 2440 1267 2495 kerzug. Ackereggen, Kultivatoren und sonstige Acker-
105 2483 680 2540 geräte. Viehfutter-Dämpfer.
105 2522 598 2575 Kapital: RM 350 000.—
105 2554 1271 2623 Komplementär: Dipl.-Ing. Rudolf Ventzki, Göppingen.
105 2604 900 2664 Geschäftsführer: Ing. Hugo Wikart.
105 2650 687 2708 Prokurist: Walter Günther.
107 2689 1271 2747 Bankverbindungen: Pommersche Bank A.-G., Reichs-
103 2726 1191 2795 bankgirokonto, Danziger Privat-Aktien-Bank, Stolp.
105 2774 845 2836 Postscheck-Konto: 14 099 Stettin.
103 2818 701 2873 Geschäftsjahr: 1./1.—31./12.
103 2868 1157 2932 Grundbesitz: 20 258 qm. davon 9000 qm bebaut.
107 2923 1177 2985 Anlagen: Mechanische Werkstätten. Gleisanschluß.
105 2962 1267 3028 Besondere Angaben: Die Firma wurde gegründet,
105 3010 1265 3065 nachdem das ehemalige Stammwerk, die Maschinen-
105 3051 1265 3106 fabrik A. Ventzki A.-G., Graudenz, durch Abtretung des
105 3090 1267 3145 Korridors an Polen verloren gegangen war. — Mit der
103 3136 1267 3198 gleichlautenden Firma in Eislingen besteht als Schwe-
105 3180 896 3235 sterwerk eine Interessengemeinschaft.
103 3296 1061 3379 Maschinenfabrik Adolf Viebahn,
103 3374 964 3450 Gummersbach, Mühlenstr. 5.
107 3459 423 3521 Fernruf: 2154.
105 3503 987 3567 Drahtanschrift: maschinenfabrik viebahn
107 3546 465 3601 Gründung: 1881.
107 3574 1271 3668 Fabrikationsprogramm: Bügelsägemaschinen, Kunst-
105 3626 357 3711 harzpressen.
1395 3168 2362 3253 Maschinenfabrik Adolf Waldrich,
1395 3251 1634 3340 Coburg.
1400 3324 2291 3395 Fernruf: 3366. Drahtanschrift: waldrich
1402 3381 1762 3438 Gründung: 1919.
1402 3416 2559 3480 Fabrikationsprogramm: Doppelständer- u. Einpilaster-
1402 3461 2562 3521 Hobelmaschinen bis 1550 Hobelbreite (Antrieb ölhydrau-
1402 3503 2562 3567 lisch); Metallblech-Schleif- u. Poliermaschinen; Herd-
1402 3544 2559 3603 plattenschleifmaschinen; Ölhydraulische Antriebe; Stein-
1402 3583 2562 3663 bearbeitungsmaschinen; Glasbearbeitungsmaschinen für
1404 3633 1611 3704 Tafelglas.
2454 3816 2564 3892 391
1065 192 2555 277 Maschinenfabrik Ventzki — Maschinenfabrik Waldrich
