2796 4176
218 259 981 336 Deutsche Woerner — Dewag
218 401 1392 473 zisions-Zahnradgetriebe; Schmiedestücke; Leichtmetall-
222 459 928 519 teile; Eisen-, Stahl- u. Siluminguß.
222 501 786 556 Kapital: RM 15 000 000.—.
225 528 1139 598 Großaktionär: Das Deutsche Reich (100 %).
227 580 1389 640 Vorstand: Heinrich Middendorff, Walter Löflund, Dr.
227 624 786 684 ing. Werner Immich, Kiel.
225 661 1389 726 Aufsichtsrat: Vors.: Admiral a. D. E. Heusinger von
227 702 1127 767 Waldegg; Stellv.: Dir. Otto Neubaur, Berlin.
225 740 1392 807 Bankverbindungen: Reichsbank, Commerz- u. Privat-
225 786 1387 853 Bank A.-G., Vereinsbank Kiel, Bankhaus Wilh. Ahl-
222 832 1169 897 mann, Kiel; Reichs-Kredit-Ges. A.-G., Berlin.
227 879 1000 934 Postscheck-Konto: 34 157 Hamburg.
222 918 828 981 Geschäftsjahr: 1./10.—30./9.
222 972 1299 1039 Geschäftsstelle in Berlin: W 9, Bellevuestr. 12.
225 1025 1283 1088 Eigene Vertretungen im Ausland: Auf Anfrage.
227 1062 1392 1127 Tochtergesellschaft: Triebwagenbau A.-G., Kiel-Fried-
227 1113 552 1171 richsort (100 %).
227 1146 1392 1206 Besondere Angaben: Das Werk Kiel ist eine Schiffs-
229 1190 1387 1250 werft u. Maschinenfabrik u. hat eine Gesamtfläche von
227 1231 1385 1292 750 000 qm mit 4700 m Kailänge. Für dieses Werk ist
229 1271 1389 1334 das Hauptarbeitsgebiet der Schiffbau. Die Einrichtungen
227 1320 1387 1378 der Werftanlagen gestatten den Bau von Schiffen jeder
227 1357 1387 1424 Art u. Größe u., gestützt auf die umfangreichen Dock-
227 1398 1385 1466 anlagen, eine ausgedehnte Reparaturtätigkeit. — Das
229 1443 1385 1503 Werk Friedrichsort ist eine Maschinenfabrik mit eigener
227 1484 1387 1545 Gießerei u. hat eine Gesamtfläche von 330 000 qm. In
227 1533 1389 1586 diesem Werk wird vornehmlich der Serienbau von
227 1572 1392 1633 Schiffshilfsmaschinen u. Schiffspumpen sowie der Bau
227 1617 953 1679 von Diesel-Lokomotiven betrieben.
1519 408 2668 468 Bankverbindung: Deutsche Bank u. Disconto-Ges.,
1522 452 1659 508 Berlin.
1517 484 2266 549 Postscheck-Konto: 154 150 Berlin.
1515 642 2675 728 Deutsche Ziehzünder Aktiengesellschaft,
1517 716 2538 798 Fellbach bei Stuttgart, Ringstr. 34.
1519 816 2598 883 Fernruf: 51 041/42. Drahtanschrift: patentzünder
1522 863 1888 921 Gründung: 1934.
1524 893 2675 960 Fabrikationsprogramm: Bau von Ziehzünder- (Zünd-
1522 944 2673 1004 holz-) Maschinen, Werkzeug- u. Schleif-Maschinen sowie
1526 992 1881 1046 Spezial-Apparate.
1522 1025 2023 1090 Kapital: RM 600 000.—.
1524 1064 2675 1132 Aktionäre: S. Kgl. H. Markgraf Berthold von Baden
1524 1111 2675 1166 (50%), Ferd. von Stumm (28%), Berlin; Handels- u. Ge-
1526 1155 2677 1213 werbebank (8%), Heilbronn; Willy Lück (10 %), Stutt-
1524 1197 2478 1262 gart; Württembergische Bank (4%), Stuttgart.
1526 1241 2106 1299 Vorstand: Dir. Willy Lück.
1524 1273 2679 1343 Prokuristen: Kurt Hoefer, Rudolf Gutekunst, Fritz
1524 1327 1768 1385 Kleinfelder.
1526 1354 2682 1424 Aufsichtsrat: Vors.: Bankdir. A. Sigmund, Stuttgart;
1524 1410 2427 1463 Stellv.: Freiherr Franz v. Hornstein, Salem.
1524 1447 2679 1505 Bankverbindungen: Württembergische Bank, Stutt-
1524 1491 2408 1552 gart; Genossenschaftsbank e. V., Fellbach.
1524 1535 2308 1593 Postscheck-Konto: 10 660 Stuttgart.
1524 1577 2134 1644 Geschäftsjahr: 1./10.—30./9.
1526 1633 2682 1702 Anlagen: Maschinen- u. Apparatebau-Werkstätten mit
1524 1679 2246 1744 den erforderlichen Nebenbetrieben.
1524 1712 2682 1779 Beteiligungen: Sipo-Zünder G. m. b. H., Fellbach
1529 1763 2679 1821 (100%). — Patent-Ziehzünder-Handels-G. m. b. H. i.
1524 1802 1858 1869 Liqu., Fellbach.
1526 1835 2679 1909 Besondere Angaben: Die Aufgaben der ersten Ge-
1526 1888 2679 1948 schäftsjahre bestanden in der Organisation des Ver-
1526 1932 2679 1992 triebes der Ziehzünder in Deutschland, der Entwicklung
1529 1976 2677 2034 u. dem Vertrieb von neuartigen Behältern (Ständern,
1526 2016 2679 2076 Dosen, Etuis) für Ziehzünder, in der technischen Weiter-
1526 2055 2679 2118 entwicklung der von der Gesellschaft hergestellten Zieh-
1526 2099 2679 2162 zünderautomaten u. der Bearbeitung der Auslandsmärkte
1529 2143 2679 2201 für den Verkauf von Ziehzünderautomaten. In Deutsch-
1529 2185 2682 2245 land sind namhafte Umsatzsteigerungen zu verzeichnen.
1536 2224 2255 2289 Gefolgschaft: 1935 1936
1536 2273 1728 2331 Arbeiter
2190 2266 2234 2322 46
2176 2299 2255 2389 2
1531 2317 1833 2382 Angestellte
1951 2315 2060 2361 14
2169 2308 2220 2368 7
222 1855 995 1934 Deutsche Woerner-Werke
225 1918 823 2009 Aktien-Gesellschaft,
225 1988 1069 2074 Mannheim, Toräckerstr. 2/4.
225 2074 1250 2141 Fernruf: 41 154. Drahtanschrift: woernerwerke
234 2127 918 2178 Gründung: 1906; seit 1922 A.-G.
227 2162 1396 2224 Fabrikationsprogramm: Herstellung und Vertrieb von
227 2204 1396 2264 Maschinen für die Tabak- und Zigarrenindustrie; Riemen-
229 2250 635 2306 binder; Raumlüfter.
234 2292 719 2352 Kapital: RM 110 000.—.
232 2333 1004 2394 Vorstand: Anton Hertel, Heidelberg.
227 2375 758 2436 Prokurist: Felix Wasser.
227 2417 1334 2480 Aufsichtsrat: Vors.: Gen.-Dir. Otto Wanieck, Berlin.
227 2459 1394 2519 Bankverbindungen: Deutsche Bank u. Disconto-Ges.,
232 2500 1116 2563 Dresdner Bank, Badische Bank, Mannheim.
227 2542 1016 2607 Postscheck-Konto: 19 020 Karlsruhe.
225 2586 860 2644 Geschäftsjahr: Kalenderjahr.
227 2630 1403 2709 Grundbesitz: 1180 qm, davon 1180 qm bebaut; gesamte
229 2693 645 2751 Nutzfläche: 1100 qm.
229 2730 1401 2790 Anlagen: Mechanische Werkstätten mit den erforder-
227 2779 689 2835 lichen Nebenbetrieben.
229 2816 1401 2872 Besondere Angaben: Die Firma wurde als Deutsche
229 2858 1396 2918 Woerner-Werke G. m. b. H. gegründet und befaßt sich
227 2904 1396 2960 mit der Verwertung der Patente ihres Mitbegründers
227 2939 575 2997 Robert Woerner.
229 2981 1401 3043 Der Umsatz stieg in den letzten Jahren im Rahmen der
229 3025 907 3087 allgemeinen Wirtschaftsbelebung.
1524 2461 2512 2549 Deutsches Präzisions-Kettenwerk
1529 2538 2410 2623 Knolleisen & Co., Kom.-Ges.,
1524 2614 2684 2698 Berlin-Charlottenburg, Kaiserdamm 87.
1529 2712 1909 2774 Fernruf: 93 48 16.
1531 2760 1900 2816 Gründung: 1924.
1531 2797 2459 2860 Fabrikationsprogramm: Nähmaschinenteile.
1531 2837 2684 2902 Bankverbindungen: Dresdner Bank, Berlin; Städtische
1533 2888 1909 2944 Sparkasse, Soldin.
1531 2920 2227 2985 Postscheck-Konto: 4392 Berlin.
1529 2976 2515 3050 Grundbesitz: 9500 qm, davon 1500 qm bebaut.
227 3250 1348 3340 Deutsche Worthington-Ges. m. b. H.,
227 3326 1016 3405 Berlin-Hohenschönhausen,
232 3398 754 3479 Quitzowstr. 3—7.
232 3475 1271 3554 Fernruf: 50 46 44. Drahtanschrift: wortpumpen
236 3533 600 3589 Gründung: 1893.
236 3561 1403 3635 Fabrikationsprogramm: Kolbenpumpen, Kolbenkom-
238 3619 1401 3679 pressoren, fahrbare Druckluftanlagen, Kreiselpumpen,
234 3658 1401 3716 sonstige Pumpen. Maschinen u. Apparate für Wasser-
234 3698 1362 3774 reinigung u. -klärung für Wasser u. Abwasserzwecke.
1526 3134 2155 3208 „Deutschland“, G. m. b. H.
1529 3192 2053 3254 siehe Maschinenfabrik
1529 3343 2338 3440 „DEWAG“ Automatenbau,
1529 3421 2401 3498 Hannover, Gr. Agidienstr. 25.
1529 3510 2392 3589 Fernruf: 20 525. Drahtanschrift: dewag
1533 3570 1898 3621 Gründung: 1913.
1531 3589 2686 3672 Fabrikationsprogramm: Spiel- und Unterhaltungsauto-
1536 3656 1675 3709 maten.
1531 3688 1990 3753 Inhaber: Hans Prieß.
234 3874 345 3955 122
