2796 4124
80 350 818 433 C. Eitle Maschinenfabrik,
82 428 994 513 Stuttgart-W., Rosenbergstr. 29.
82 499 1006 568 Fernruf: 60 054. Drahtanschrift: eitlewerk
84 540 442 597 Gründung: 1881.
82 584 1237 646 Fabrikationsprogramm: Kohlen- und Koksaufbereitun-
84 632 1235 689 gen; Kohlen-, Koks-, Schlacken-, Salz-, Eis-, Torf-Brecher;
82 671 1232 730 Brecher für die chem. Industrie u. für die Abfällever-
84 710 1232 765 wertung; Gaswerksmaschinen; Transport-Anlagen (Schau-
82 749 1235 811 kel-Förderer-, Schaukel-Paternoster-, Gurtförderer-, Rol-
82 792 1235 852 lenförderer-Elevatoren, Schnecken); Kesselbekohlungs-
84 836 928 898 u. Misch-Anlagen, Universal-Spannböcke.
82 872 552 932 Kapital: RM 90 000.—.
84 918 687 973 Inhaber: Alfred Eitle Erben.
82 962 1214 1017 Geschäftsführer: Oskar Späth, Obering. Ludw. Stock.
84 1001 1232 1065 Bankverbindungen: Dresdner Bank, Städt. Girokasse,
87 1044 284 1099 Stuttgart.
82 1081 813 1140 Postscheck-Konto: 2573 Stuttgart.
80 1127 696 1184 Geschäftsjahr: Kalenderjahr.
80 1170 1045 1239 Grundbesitz: 2278 qm, davon 1915 qm bebaut.
84 1225 1237 1287 Anlagen: Dreherei, Fräserei, Blechbearbeitungswerkstät-
84 1266 820 1321 ten, elektr. u. autogene Schweißerei.
82 1303 1235 1358 Besondere Angaben: Firma wurde als Bauschlosserei
84 1344 1235 1406 gegründet. — 1882 Aufnahme des Baues von Kohlen-
82 1388 1230 1445 brechern und einige Jahre später der Bau von Gaswerks-
82 1429 1232 1484 maschinen. — Nach dem Krieg wurde der Bau von
84 1466 1230 1532 Transportanlagen, der schon 1905 betrieben worden ist,
82 1512 841 1571 in erweitertem Umfang aufgenommen.
84 1555 1230 1610 Gefolgschaft: Im Jahre 1900 betrug die Belegschaft ins-
82 1596 1235 1663 gesamt 40 Angestellte und Arbeiter, stieg dann bis 1914
80 1640 987 1697 auf insgesamt 90 an und beträgt heute 64.
1365 375 2520 426 maschinen abgeschlossen. — Vom Gesamtumsatz 1936
1368 403 1991 462 entfielen 25% auf den Export.
1365 444 2255 501 Gefolgschaft: 250 Arbeiter u. Angestellte.
1365 552 2429 641 Gebrüder Elbracht, Fabrik für hoch-
1365 627 2204 721 wertige Präzisionswerkzeuge,
1368 696 1828 785 Witten (Ruhr).
1368 767 1682 831 Fernruf: 1169.
1365 815 1730 870 Gründung: 1920.
1365 847 2514 916 Fabrikationsprogramm: Gewindebohrer (schwarz und
1368 898 2514 966 geschliffen), Schneideisen, Fräser, Reibahlen, Senker und
1370 941 1764 998 Spezial-Werkzeuge.
1365 978 1826 1037 Inhaber: A. Elbracht.
1368 1024 2257 1079 Geschäftsleiter: Dipl.-Ing. Alfred Schulze.
1365 1058 2424 1131 Bankverbindung: Deutsche Bank u. Disconto-Ges.,
1365 1104 1627 1161 Witten-Ruhr.
1363 1147 2110 1207 Postscheck-Konto: 6024 Dortmund.
1363 1189 1959 1255 Geschäftsjahr: 1./1.—31./12.
1365 1244 2518 1321 Grundbesitz: 2425 qm, davon 603 qm bebaut; gesamte
1365 1292 1780 1358 Nutzfläche: 1809 qm.
1363 1331 2516 1395 Eigene Vertretung in Berlin: Joh. Mittendorf, Bln.-
1365 1374 1936 1434 Steglitz, Thorwaldsenstr. 23.
1363 1415 2516 1480 Besondere Angaben: Das Unternehmen konnte sich aus
1363 1457 2516 1519 kleinen Anfängen zu einem der führenden Werke ent-
1365 1498 2516 1564 wickeln, das heute die größten Betriebe zu seiner Kund-
1363 1541 2514 1603 schaft zählt. Außer der anfänglichen Herstellung von
1363 1580 2514 1647 Präzisions-Gewindebohrern und Schneideeisen erfaßte die
1363 1622 2514 1688 Fabrikation im Laufe der Jahre auch das sehr umfang-
1361 1667 2514 1729 reiche Gebiet der Fräser, Abwälzfräser sowie jeglicher
1361 1711 1810 1766 Spezial-Ausführungen.
1725 210 2520 288 Eitle — Elektromotorenfabrik
75 1759 602 1830 Dr. Wilh. Ernst Elbers
77 1826 912 1885 siehe Hagener Walzengravieranstalt
75 1938 1155 2036 Elbe-Werke Hermann Haelbig A.-G.,
73 2016 1035 2105 Dresden-A. 36, Mügelner Str. 20.
75 2091 1040 2151 Fernruf: 69 14 44. Drahtanschrift: elbewerke
80 2139 760 2192 Gründung: 1914; seit 1920 A.-G.
80 2171 1232 2231 Fabrikationsprogramm: Waagerecht- und Senkrecht-
75 2213 1230 2272 Flachschleifmaschinen; senkrechte Keilnuten-Ziehmaschi-
75 2259 1228 2316 nen; Räummaschinen u. -werkzeuge; automatische Zahn-
77 2300 440 2357 radstoßmaschinen.
77 2336 561 2398 Kapital: RM 324 000.—
77 2382 763 2442 Vorstand: Dir. Richard Scheibe.
77 2423 1054 2478 Prokuristen: Gg. Herbert Martin, Elsa Boden.
77 2465 1230 2531 Aufsichtsrat: Vors.: R.-A. Dr. jur. Joh. Krüger; Stellv.:
77 2504 838 2563 Fabrik-Dir. Karl Schmitt, Dresden-A.
75 2550 1230 2618 Bankverbindungen: Reichsbank, Dresdner Bank, Stadt-
75 2591 380 2650 bank, Dresden.
73 2630 841 2687 Postscheck-Konto: 110 982 Dresden.
73 2676 685 2740 Geschäftsjahr: Kalenderjahr.
73 2728 1079 2785 Grundbesitz: 13 600 qm, davon 4200 qm bebaut.
73 2772 1228 2834 Anlagen: Werkzeugmaschinenfabrik; Spezialabteilung
73 2808 536 2870 für Räumwerkzeugbau.
73 2854 1228 2914 Besondere Angaben: Das Unternehmen wurde in Dres-
75 2891 1223 2950 den-Plauen in gemieteten Räumen für die Herstellung von
75 2937 1223 2992 Keilnuten-Ziehmaschinen u. Bandschleifmaschinen ge-
73 2978 1226 3040 gründet. — 1915 konnte durch Hinzunahme verschiedener
75 3021 1223 3074 anderer Werkzeugmaschinenarten die Fabrikationsgrund-
73 3058 1223 3115 lage wesentlich verbreitert werden, es erfolgte im glei-
73 3102 1221 3164 chen Jahr die Übernahme einer Gießerei in Meißen a.
73 3143 1223 3200 Elbe, der gleichfalls eine Maschinenfabrik angegliedert
73 3184 1223 3244 wurde. — 1920 wurde die Fabrikation im neugebauten
71 3221 1223 3290 Fabrikgebäude in Dresden-Reick auf eigenem Grund-
77 3273 1219 3331 stück übernommen, das Werk Meißen zur gleichen Zeit
73 3310 1221 3365 verkauft. — 1931 erfolgte Übernahme der Flachschleif-
73 3354 1223 3406 maschinenfabrikation der Samsonwerk G. m. b. H., Ber-
71 3388 1219 3459 lin, das Fabrikationsprogramm wurde geändert; neben
73 3429 1223 3493 den nunmehr in neuentwickelten Modellen hergestellten
71 3473 1221 3532 Flachschleifmaschinen werden nur noch wenige Spezial-
73 3519 1221 3576 maschinen hergestellt u. die übrigen Fabrikationszweige
71 3553 1221 3615 stillgelegt eder veräußert. Damit ist der seit 1926 ein-
71 3603 1223 3684 geschlagene Weg der Spezialisierung auf Hochleistungs-
1359 1791 1549 1862 „Elbtal“
1361 1837 1881 1915 siehe Maschinenfabrik
1359 1952 2282 2039 Elbtalwerk, Elektrizitäts A.-G.,
1359 2020 2514 2110 Heidenau (Sachsen), Lüttichau Str. 29.
1359 2094 1721 2155 Gründung: 1921.
1359 2139 2514 2204 Fabrikationsprogramm: Elschliff-Elektro-Schleifmaschi-
1359 2183 2509 2247 nen, Poliermaschinen in jeder Größe, Widia-, Teller-,
1361 2220 2511 2281 Band-, Flächen-, Topf- u. Handschleifmaschinen; Elek-
1359 2265 2509 2325 tropa-Schleifmaschinen f. Naßschliff od. Trockenschliff mit
1359 2309 2509 2364 oder ohne eingebaute Kühlwasserpumpanlage bzw. Staub-
1356 2350 2509 2414 absaugeanlage. Exporttypen: „E-Blitz“-Elektro-Werk-
1359 2389 2509 2458 bank- u. Ständerschleifmaschinen; „E-Blitz“-Elektro-
1356 2426 2511 2497 Kühlwasser-Pumpen mit gesch. Sicher.-Anschlußkasten;
1359 2474 2509 2536 „E-Blitz“-Elektro-Industrie-Staubsaugungsanlagen, stati-
1356 2517 2509 2577 onär und fahrbar. Motoren in Normal-, Anbau-,
1356 2556 2507 2611 Einbau-, Flansch-, Vertikal- oder Sonderausführung. In-
1356 2602 2509 2659 dustrie-Motoren für jeden Antrieb. Spezialität: Druck-
1356 2634 2507 2696 maschinen-, Schnellpressen-, Kompressor-, Kältemaschi-
1356 2676 2507 2749 nen-, Holz- u. Eisenbearbeitungs-, Werkzeugmaschinen-,
1356 2719 2507 2779 Kran- u. Aufzugs-Motoren, Getriebe-, Kondensator-, ge-
1356 2765 2507 2824 räuschlos laufende Motoren. Doppelnut-Motoren. Rip-
1356 2808 2507 2870 pengekühlte Motoren. Explosions- u. schlagwettersicher
1356 2847 2509 2905 gekapselte Motoren. Polumschaltbare Motoren. Gene-
1354 2889 2507 2948 ratoren. Aggregate. Umformer. Neon-. Tonfilm-, Spie-
1354 2925 2507 2999 gelbogenlampen-Einanker-Umformer, Niederspannungs-
1361 2971 1778 3026 Dynamos. Sirenen.
1356 3015 1838 3074 Kapital: RM 500 000.—
1361 3056 1945 3113 Vorstand: Curt C. Schauer.
1356 3090 2507 3161 Aufsichtsrat: Vors.: Fabrikbes. Arno Götz; Stellv.:
1359 3136 1860 3196 Bank-Dir. Rich. Wagner.
1356 3175 2440 3246 Bankverbindung: Dresdner Handelsbank, Heidenau.
1354 3225 1975 3283 Geschäftsjahr: Kalenderjahr.
1349 3328 2294 3409 Elektromotorenfabrik „Stawert“s
1352 3404 2401 3480 Hamburg 26, Ausschlägerweg 86/8.
1354 3473 2328 3542 Fernruf: 26 06 36; für Ferngespräche: 26 06 37.
1354 3519 1863 3581 Drahtanschrift: stawert
1356 3569 1716 3624 Gründung: 1918.
1352 3601 2502 3677 Fabrikationsprogramm: Elektr. Kaffee-, Mohn- und
2401 3796 2509 3888 149
