2796 4176
220 238 793 317 Flöther — Flottmann
218 385 1392 457 Bankverbindungen: Deutsche Bank u. Disconto-Ges.,
220 440 837 496 Reichsbank, Hirschberg/Rsgb.
218 480 935 542 Postscheck-Konto: 7952 Breslau.
220 528 821 593 Geschäftsjahr: 1./1.—31./12.
222 568 1387 654 Anlagen: Graugießerei (Stückgewicht bis kg 4800) mit
220 628 1389 691 zugehör. Nebenbetrieben, Modelltischlerei, Schlosserei,
227 672 819 735 Dreherei, Hobelei, Schmiede.
222 702 1392 770 Besondere Angaben: 1852 Firma als Schmiede und
225 751 1387 818 Schlosserei gegründet. Eisengießerei angegliedert. Bau
225 793 1389 856 von Holzschleifapparaten aufgenommen, ausgedehnt
227 839 1389 897 später auf Ersatzteile für Papiermaschinenindustrie.
225 879 1387 946 Ferner in Fabrikation aufgenommen: Farbapparate für
227 921 1389 981 Textilindustrie. Pressen für Porzellanindustrie. Gum-
225 969 751 1030 miwalzendruckmaschinen.
225 1006 798 1074 Gefolgschaft: 60 Arbeiter.
220 1143 907 1206 Flöther Landmaschinen A.-G.
222 1190 1155 1257 siehe Neue Flöther Landmaschinen A.-G.
220 1301 744 1385 Carl Flohr A.-G.,
220 1371 1039 1459 Berlin N 4, Chausseestr. 35.
225 1456 881 1524 Fernruf: Sammel-Nr. 41 64 51.
227 1508 798 1568 Drahtanschrift: hydraulik
227 1549 904 1607 Gründung: 1852; seit 1921 A.-G.
227 1577 1399 1649 Fabrikationsprogramm: Aufzüge, Fahrtreppen; Krane;
227 1628 969 1691 Elektromotoren u. elektr. Apparate.
227 1672 751 1737 Kapital: RM 1 500 000.—.
227 1705 1399 1774 Großaktionäre: Demag Akt.-Ges., Duisburg (55,92 %);
229 1760 788 1821 Familie Carl Flohr, Berlin.
227 1795 1396 1858 Vorstand: Johannes Westhoff, Bln.-Hermsdorf; Hermann
232 1844 723 1900 Wernicke, Bln.-Pankow.
227 1881 1334 1951 Aufsichtsrat: Vors.: Gen.-Dir. Dr. Wolfgang Reuter
227 1930 749 1983 (Demag A.-G.), Duisburg.
227 1960 1394 2029 Bankverbindungen: Reichsbank, Deutsche Bank u. Dis-
227 2009 1396 2067 conto-Ges., Bank der Deutschen Arbeit A.-G., Dresdner
232 2050 758 2111 Bank, Berlin (Depka 92).
227 2097 907 2159 Postscheck-Konto: 1212 Berlin.
225 2139 807 2204 Geschäftsjahr: 1./7.—30./6.
227 2178 1310 2259 Grundbesitz: 100 000 qm, davon 31 140 qm bebaut.
229 2241 1399 2301 Anlagen: Mechanische Werkstätten mit den erforder-
229 2285 1396 2347 lichen Nebenbetrieben für Metall- u. Holzbearbeitung;
229 2326 1394 2389 Montagehalle. Ferner werden in den Niederlassungen u.
229 2371 1396 2429 Zweigbüros Werkstätten mit 60—80 Monteuren unter-
232 2412 373 2473 halten.
229 2442 1401 2514 Niederlassungen: In Breslau, Frankfurt a. M. u. Ham-
232 2500 341 2558 burg.
227 2533 1401 2598 Zweigbüros: In Bremen, Köln, Essen, Hannover und
234 2584 403 2642 Leipzig.
234 2607 1401 2679 Vertretungen: Ausland: In Athen, Budapest, Wien,
232 2665 1396 2721 Warschau, Danzig, Amsterdam, Paris, Stockholm, Mexiko,
232 2707 1399 2767 Brüssel, Kopenhagen, Helsingfors, Bukarest, Madrid,
232 2749 1399 2811 Instanbul, Lissabon, Lüttich, Luzern, Saloniki, Barcelona,
232 2793 1399 2848 Dartford, Mexiko, Chile, Oslo, Porto Alegre, Tokio,
232 2835 1399 2893 Schanghai; Inland: Magdeburg, München, Stettin,
232 2876 1239 2934 Königsberg, Gleiwitz, Rostock, Frankfurt (Oder)
229 2904 1403 2985 Beteiligungen: 1. Eisenbahn-Betriebs-Gesellschaft Tegel
236 2960 1399 3016 —Borsigwalde G. m. b. H., Berlin. — Zweck: Zu-
232 3002 1399 3060 stellung von Eisenbahnwaggons auf dem der E. B. G.
234 3041 1401 3111 gehörenden Anschlußgleis der bei ihr beteiligten Unter-
234 3085 1396 3148 nehmungen (Beteiligung? 46,1%). — 2. Svenska A. B.
236 3122 1401 3187 Flohrs, Hissar, Stockholm. Beitilgung an dieser Gesell-
236 3169 1403 3231 schaft erfolgte zwecks gemeinsamer Bearbeitung einiger
238 3210 925 3273 Spezialgebiete des Stammhauses.
238 3254 1399 3312 Verträge: Abkommen mit der Demag A.-G., Duisburg,
236 3296 1401 3363 Wesentlicher Inhalt: Zusammenarbeiten beider Gesell-
238 3347 424 3401 schaften.
234 3375 1406 3447 Besondere Angaben: Im Juli 1879 übernahm Carl Flohr
236 3421 1403 3484 die im Jahre 1852 gegründete Maschinenfabrik u. Mühlen-
236 3463 1403 3526 bauanstalt Th. Lißmann in Berlin. Er erweiterte dieselbe
236 3507 1401 3568 im Laufe der Jahre und entwickelte das Unternehmen
234 3549 1406 3609 durch den Ankauf der Siegelschen Maschinenfabrik und
236 3591 1401 3651 durch einen weiteren Neubau in Wittenau bei Berlin zu
236 3633 1403 3700 großer Bedeutung. Seit 1885 firmiert das Unternehmen
234 3677 1406 3746 Carl Flohr. — 1930/31: Die Beziehungen zum Ausland
1517 389 2673 443 wurden durch Abschluß von Interessengemeinschaften
1519 426 2668 489 mit einigen weiteren ausländischen Firmen ausgebaut. —
1522 468 2673 531 1936 stand das Geschäftsjahr im Zeichen weiter anhalten-
1519 510 2673 570 der Besserung. Der Umsatz überstieg den des Vorjahres.
1522 554 2666 614 Das Exportgeschäft hat ebenfalls stark zugenommen. —
1524 598 2673 651 1937 ist der Auftragseingang besonders erheblich, die
1524 638 2591 693 Werkstätten sind zur Zeit ausreichend beschäftigt.
1529 684 1879 747 Gefolgschaft:
1916 675 2668 733 1931/32 32/33 33/34 34/35 35/36
1524 728 1710 779 Arbeiter
2000 723 2116 772 800
2153 721 2670 779 491 594 750 1140
1529 763 1800 825 Angestellte
1983 760 2531 816 250 119 160 190
2619 763 2661 823 21
1531 805 2668 869 Umsatz Mill. RM. 5,1 3,3 3,6 5,7 7,2
1519 923 2519 1013 Florentz & Stoy Maschinenfabrik,
1519 1002 2359 1088 Chemnitz, Matthesstraße 58.
1522 1085 2392 1162 Fernruf: 33 482. Drahtanschrift: flosto
1524 1134 1888 1201 Gründung: 1914.
1526 1176 2673 1238 Fabrikationsprogramm: Schneidemaschinen für die
1526 1218 2675 1285 Photo-, Papier- u. Büro-Branche. Zackenmuster-Schnei-
1524 1266 2276 1320 demaschinen für die Textil-Branche.
1526 1308 2014 1366 Kapital: RM 40 000.—.
1526 1345 2011 1408 Inhaber: Feodor Stoy.
1526 1378 2677 1447 Bankverbindung: Chemnitzer Hausbesitzer-Bank, e. G.
1529 1438 1932 1496 m. b. H., Chemnitz.
1529 1475 2262 1533 Postscheck-Konto: 15 956 Leipzig.
1526 1517 2125 1582 Geschäftsjahr: 1./1.—31./12.
1526 1577 2487 1640 Grundbesitz: 1000 qm, davon 800 qm bebaut.
1529 1624 2543 1686 Anlagen: elektr. Schweißerei; Lackierwerkstatt.
1529 1663 2677 1728 Eigene Vertretung in Berlin: Erich Täubert, SW 68,
1529 1712 1870 1770 Hollmannstr. 11.
1529 1735 2677 1814 Besondere Angaben: Export nach allen Ländern der
1531 1791 1645 1851 Welt.
1526 1823 2044 1895 Gefolgschaft: 25 Mann.
1522 1971 2130 2048 Ferdinand Florstedt,
1524 2027 2378 2118 Berlin N 20, Prinzenallee 84.
1524 2118 2496 2183 Fernruf: 46 40 21. Drahtanschrift: florstedt
1529 2166 1900 2222 Gründung: 1915.
1526 2204 2677 2264 Fabrikationsprogramm: Verkaufs- u. Warenautomaten
1526 2248 2677 2310 für Briefmarken, Fahrkarten, Zeitungen, Schokolade,
1529 2292 1756 2354 Zigaretten.
1529 2331 2171 2391 Inhaber: Ferdinand Florstedt.
1529 2373 2422 2436 Bankverbindung: Dresdner Bank, Berlin.
1531 2415 2241 2482 Postscheck-Konto: 76 763 Berlin.
1531 2461 2160 2521 Geschäftsjahr: Kalenderjahr.
1529 2554 2051 2637 Flottmann A.-G.,
1531 2621 2615 2716 Herne (Westf.), Flottmannstr. 92/94.
1531 2714 2471 2779 Fernruf: 51 851. Drahtanschrift: flottmann
1533 2758 2241 2821 Gründung: 1872; seit 1917 A.-G.
1533 2793 2679 2862 Fabrikationsprogramm: Preßlufterzeugende Maschinen
1536 2844 2679 2904 (fahrbar u. stationär); preßluftbetriebene Arbeitsmaschi-
1533 2890 2088 2951 nen, Druckluft-Werkzeuge.
1533 2930 2065 2988 Kapital: RM 2 500 000.—.
1536 2964 2164 3029 Großaktionär: Familien-A.-G.
1538 2997 2682 3071 Vorstand: Gen.-Dir. Dr. ing. h. c. Heinrich Flottmann,
1538 3048 2649 3113 Wiesbaden; Dir. Friedrich Franz von Langenn, Herne.
1536 3092 2682 3159 Aufsichtsrat: Vors.: Dir. Ernst Flottmann, Markt-
1538 3143 1710 3201 redwitz.
1536 3171 2679 3241 Bankverbindungen: Commerz- u. Privat-Bank A.-G.,
1538 3215 2675 3294 Westfalenbank, Bochum; Reichsbank, Sparkasse der Stadt
1536 3268 1833 3331 Herne, Herne.
1538 3315 2213 3368 Postscheck-Konto: 9240 Essen.
1533 3350 2164 3410 Geschäftsjahr: Kalenderjahr.
1538 3403 2601 3475 Grundbesitz: 147 797 qm, davon 25 063 qm bebaut.
1538 3456 2679 3517 Anlagen: Mechanische Werkstätten mit den erforder-
1536 3500 2320 3558 lichen Nebenbetrieben. Gleisanschluß.
1536 3540 2573 3607 Eigene Vertretungen im Ausland: Auf Anfrage.
1538 3577 2682 3651 Besondere Angaben: Die Firma lautete bis 1926 „Ma-
1547 3623 2677 3688 schinenbau-A.-G. H. Flottmann & Comp.“, — 1928 Über-
1536 3663 2679 3751 nahme der „Maschinenfabrik Westfalia A.-G.“, Gelseu-
238 3865 352 3962 172
