2796 4176
243 231 814 308 Halbach — Hallesche
238 380 1406 450 Bankverbindungen: Deutsche Bank u. Disconto-Ges.,
243 424 1169 484 Freital/Sa.; Gemeinde-Giro-Konto, Hainsberg.
241 477 844 531 Geschäftsjahr: 1./1.—31./12.
238 540 1403 596 Grundbesitz: Gepachtet sind 400 qm mit 400 qm bebau-
238 580 1403 647 ter Fläche. — Schlosser-Werkstatt mit Dreherei und
241 621 770 679 Arbeitssaal für Ziseleure.
238 663 1215 726 Eigene Vertretung im Ausland: Südamerika.
238 714 814 767 Gefolgschaft: 4 Mitglieder.
234 858 761 932 Halbach, Masch.-Fabr.
238 930 960 988 siehe Braun & Co., G. m. b. H.
234 1088 754 1169 Halfmann & Co.,
232 1157 1150 1255 Iserlohn (Westf.), Bleichstr. 3.
229 1352 552 1422 Haller & Co.
234 1405 1034 1477 siehe Vereinigte Metallwarenfabr.
1531 399 2693 480 Hallesche Maschinen- und Dampfkessel-
1531 468 2689 566 Armaturen-Fabrik Dicker & Werneburg
1533 542 1874 628 G. m. b. H.,
1531 614 2531 709 Halle (Saale), Turmstraße 118/23.
1536 696 2090 760 Fernruf: 26 031 u. 25 739.
1536 747 2343 802 Drahtanschrift: dickerwerk hallesaale
1533 788 2355 844 Gründung: 1878; seit 1925 G. m. b. H.
1533 823 2686 893 Fabrikationsprogramm: Armaturen aller Art (Sicher-
1536 869 2684 939 heits-, Reduzier- und Schwimmventile, Kondenstöpfe),
1531 911 2684 974 Zentral-Schmierapparate nach eigenen Patenten. Zentral-
1533 953 2190 1011 heizungs- und Lüftungsanlagen.
1536 995 2032 1057 Kapital: RM 300 000.—
1533 1030 2568 1104 Anteileigner: Fabrikbes. Hugo Dicker, Halle/S.;
1536 1081 2473 1143 Brauereibes. Leo Schmitz, Willich b. Krefeld.
1531 1122 2684 1192 Geschäftsführer: Hugo Dicker, Hans Beuthner, Halle/S.
1536 1164 2489 1227 Prokuristen: Hermann Fahlberg, Karl Mohr.
1531 1206 2684 1276 Bankverbindung: Hallescher Bankverein von Kulisch,
1536 1250 2271 1313 Kaempf & Co. K.-G. a. A., Halle/S.
1531 1292 2264 1357 Postscheck-Konto: 10 089 Leipzig.
1526 1329 2130 1398 Geschäftsjahr: 1./1.—31./12.
1529 1387 2406 1452 Grundbesitz: 12 367 qm, davon 4281 qm.
1529 1445 2684 1501 Anlagen: Dreherei, Schlosserei Kupferschmiede, Modell-
1529 1484 2276 1542 tischlerei, Metall- und Eisengießerei.
1526 1519 2631 1586 Eigene Vertretung in Berlin: Ing. Walter Grasse,
1531 1568 2076 1626 SW 61, Wartenburgstr. 22
1529 1603 2679 1672 Tochtergesellschaft: Maschinenfabrik Grützner G. m.
1529 1647 2677 1712 b. H., Halle/S. (Vertriebsges. der „Hallesche Maschinen-
1529 1693 2679 1758 u. Dampfkessel-Armaturen-Fabr. Dicker & Werneburg
1526 1739 1826 1795 G. m. b. H.“*)
1526 1774 2679 1839 Besondere Angaben: 1925 Übernahme der Maschinen-
1524 1818 2301 1879 fabrik Grützner G. m. b. H., Halle/S.
1524 1865 2146 1918 Gefolgschaft: 240 Mitglieder.
1526 1909 2222 1962 Umsatz 1935: Über 1 000 000 RM.
225 1566 1310 1647 Hallesche Armaturen- u. Maschinen-
225 1637 1071 1730 Fabrik A. Werneburg & Co.,
227 1712 649 1797 Halle (Saale),
222 1781 1111 1881 Außere Delitzscher Str. 23/24.
229 1874 784 1937 Fernruf: 23 724 u. 26 233.
229 1916 928 1974 Drahtanschrift: albinwerneburg.
229 1960 596 2013 Gründung: 1888.
232 1997 1394 2064 Fabrikationsprogramm: Armaturen (für Dampf, Gas,
229 2039 1392 2104 Wasser und für die chemische, Montan- und Zucker-
229 2078 1392 2143 Industrie) in Gußeisen, Stahlguß, Bronzen und allen
227 2120 1389 2185 Leichtmetallen; Silumin und säurebeständigem Spezial-
232 2171 324 2227 guß.
227 2210 735 2268 Kapital: RM 260 000.—.
227 2255 967 2317 Inhaber: Albin Werneburg's Erben.
229 2301 1118 2354 Geschäftsleiter: Ing. Walther Werneburg.
225 2331 1389 2405 Bankverbindung: Allgemeine Deutsche Credit-Anstalt,
227 2375 392 2433 Halle/S.
225 2419 932 2475 Postscheck-Konto: 9280 Leipzig.
222 2463 830 2528 Geschäftsjahr: 1./1.—31./12.
222 2517 1208 2589 Grundbesitz: 5600 qm, davon 2800 qm bebaut.
227 2570 1392 2630 Anlagen: Dreherei, Schlosserei Tischlerei, Eisen- und
225 2614 784 2677 Metallgießerei. Prüfstation.
1519 2074 2452 2152 Hallesche Maschinenfabrik und
1519 2148 1930 2229 Eisengießerei,
1519 2213 2584 2306 Halle (Saale), Merseburger Str. 154.
1522 2299 2239 2361 Fernruf: 21 462, 21 464 u. 26 184.
1524 2345 2072 2405 Drahtanschrift: halmagis.
1524 2384 2222 2445 Gründung: 1866; seit 1872 A.-G.
1524 2424 2673 2487 Fabrikationsprogramm: Vollständige maschinelle Ein-
1522 2473 2673 2538 richtungen für Rüben- und Rohrzuckerfabriken sowie
1524 2510 2673 2570 Zuckerraffinerien. Eis- und Kühlmaschinen. Einrichtun-
1524 2558 2673 2614 gen für Margarinefabriken und Speiseölraffinerien.
1524 2596 2673 2654 Dampfkessel. Dampfmaschinen. Pumpen. Apparate für
1519 2642 2673 2709 die chemische Industrie. Bäckereimaschinen und Back-
1522 2681 1628 2735 öfen.
1524 2726 2053 2784 Kapital: RM 2 200 000.—.
1522 2767 2673 2821 Großaktionäre: Dresdner Bank und Hallescher Bank-
1522 2809 2670 2865 verein von Kulisch, Kaempf & Co. K.-G. a. A., Halle/S.
1522 2844 2617 2909 Vorstand: Dir. E. Schimpf, Dir. Dipl.-Ing. G. König.
1522 2888 2673 2948 Prokuristen: Ad. Burmester, H. Strempel, E. Lange-
1524 2932 2278 2992 lüddecke, A. Kurzeja, W. Hartmann,
1524 2981 2640 3034 Aufsichtsrat: Vors.: Geh. Justizrat Dr. Keil, Halle/S.
1522 3018 2673 3076 Bankverbindungen: Dresdner Bank, Hallescher Bank-
1524 3062 2670 3118 verein von Kulisch, Kaempf & Co. K.-G. a. A., Halle/S.
1519 3097 2257 3162 Postscheck-Konto: 22 556 Leipzig.
1512 3150 2143 3213 .Geschäftsjahr: Kalenderjahr.
1517 3201 2596 3268 Grundbesitz: 127 262 qm, davon 22 494 qm bebaut.
1519 3254 2670 3310 Anlagen: Modelltischlerei, Eisen- und Metallgießerei,
1517 3294 2668 3352 Schlosserei, Dreherei, Kesselschmiede, Kupfer- u. Blech-
1517 3338 2668 3403 schmiede. Elektrische und autogene Schweißung. Gleis-
1515 3373 2157 3438 anschluß. Verwaltungsgebäude.
1519 3417 2673 3486 Eigene Vertretungen im Ausland: Soerobaia (Java),
1517 3466 1963 3524 Calcutta (Br. Indien),
1517 3498 2670 3561 Besondere Angaben: Das Unternehmen ist die Nach-
1519 3549 2666 3607 folgerin der Fa. Riedel & Kemnitz (Maschinenfabrik für
1519 3591 2663 3644 die Zuckerindustrie), die eine der Fa. Jung & Must ge-
1519 3630 2666 3688 hörige Eisengießerei hinzuerworben hatte. — 1883 Grün-
1515 3670 2666 3753 dung einer eigenen Niederlassung auf Java. — 1884
218 2786 983 2860 Hallesche Bäckerei-Masch.-Fabr.
222 2839 598 2913 siehe „Häbämfa“
218 2988 937 3076 Hallesche Kellereimasch.-Fabr.
220 3053 607 3120 siehe „Hakemfa“
215 3208 515 3292 Hallesche
218 3282 1273 3375 Kellereimaschinenfabrik „Hakemfa“
215 3354 635 3452 Halle (Saale).
218 3445 570 3500 Fernruf: 22 401.
218 3493 582 3547 Gründung: 1920.
220 3524 1385 3609 Fabrikationsprogramm: Maschinen für die Nahrungs-
222 3579 712 3633 u. Genußmittelindustrie.
218 3614 1120 3681 Bankverbindung: Dresdner Bank, Halle/S.
218 3658 951 3725 Postscheck-Konto: 15 752 Leipzig.
1350 3660 1375 3732 4
1329 1180 1394 1252 X
211 3837 327 3920 220
