2796 4124
82 329 1235 391 teilfabrik Rothe Erde“ von der Ges. in eigenem Namen,
87 375 1232 433 jedoch für Rechnung der Vereinigte Stahlwerke A.-G.,
84 419 1235 476 Düsseldorf, fortgeführt. Der Hoerder Verein u. die
84 460 1232 524 Dortmunder Union sind Unternehmungen mit alten Tra-
84 501 1235 561 ditionen. Das in Hoerde gelegene Stammwerk des frühe-
87 542 1235 607 ren Hoerder Vereins ist aus dem im Jahre 1837 von
84 581 1235 650 Herm. Dietr. Piepenstock gegründeten Puddel- u. Walz-
87 618 1235 685 werk, der „Hermannshütte“, hervorgegangen. Die Dort-
87 669 1232 728 munder Anlagen gehen auf eine zu Anfang des vorigen
84 710 1235 767 Jahrhunderts errichtete Eisenbauanstalt zurück. Der
87 746 1235 817 ursprünglich nur der Eisenbearbeitung dienende Betrieb
87 795 1237 852 wurde im Laufe der Zeit durch Errichtung einer Hütten-
84 829 1235 895 anlage zu einem eisenschaffenden Unternehmen erweitert,
84 877 1237 937 aus dem dann die 1855 erstmals urkundlich erwähnte
89 914 1235 992 „Dortmunder Bergbau- u. Hüttengesellschaft“ entstan-
1187 957 1230 1024 N
89 971 258 1033 den ist.
84 1099 1168 1198 Dortmunder Brückenbau C. H. Jucho
87 1184 279 1264 K.-G.,
82 1253 1148 1338 Dortmund, Weißenburger Str. 76/82.
87 1324 1118 1399 Fernruf: 30 671 u. 35 563. Drahtanschrift: jucho
87 1381 442 1441 Gründung: 1877.
89 1409 1242 1484 Fabrikationsprogramm: Stahlbehälter u. Apparatebau;
89 1464 1239 1521 Stahlfenster, Schrauben, Niete u. Preßteile; Heizungen.
93 1509 733 1564 Stahlbrückenbau, Stahlhochbau.
89 1544 763 1608 Komplementär: Dietrich Jucho.
89 1590 783 1649 Geschäftsführer: Dietrich Jucho.
93 1631 841 1693 Postscheck-Konto: 1961 Dortmund.
87 1672 680 1734 Geschäftsjahr: 1./10.—30./9.
91 1729 1242 1803 Anlagen: Stahlbau-Werkstätten; Fensterbau-, Nieten- u.
96 1787 426 1842 Schraubenfabrik.
91 1821 1242 1878 Eigene Vertretung in Berlin: Techn. Büro NW 7, Unter
91 1869 660 1926 den Linden 56 (Zimmer 20).
1365 339 2530 387 und Förderanlagen weiterentwickelt. Unter Carl Draeger
1368 368 2525 433 wurde die Fabrikation von Landmaschinen aufgenommen.
1368 412 2527 485 Gefolgschaft: 87 Arbeiter (davon 15 Lehrlinge) u. 15
1370 462 2019 520 Angestellte (davon 1 Lehrling).
1365 620 1725 707 Drägerwerk
1365 691 2099 785 Heinr. u. Bernh. Dräger,
1368 765 1613 847 Lübeck.
1368 859 2344 927 Fernruf: 29 811. Drahtanschrift: drägerwerk
1370 916 1739 969 Gründung: 1887.
1370 943 2530 1014 Fabrikationsprogramm: Sauerstoff-Gasschutz- u. Wie-
1370 996 2532 1058 derbelebungsgeräte, Gasmasken, Sauerstoff-Narkose-
1370 1037 2532 1104 geräte; Schutzraumlüftung; Tauchergeräte; Druckmin-
1370 1079 2427 1136 der-Ventile. Autogene Schweiß- u. Schneidgeräte.
1370 1124 1973 1186 Inhaber: Dr. Heinr. Dräger.
1370 1163 2532 1223 Prokuristen: Dir. Wilh. Haase-Lampe, Dir. Herm.
1370 1207 2532 1260 Stelzner, Dir. Heinr. Lühr, Dr. Gerhard Stampe, Ober-
1372 1253 1941 1310 reg.-Rat a. D. Dr. Günther.
1370 1283 2443 1351 Bankverbindungen: Reichsbank, Dresdner Bank,
1372 1338 1544 1390 Lübeck.
1372 1376 2115 1429 Postscheck-Konto: 1367 Hamburg.
1370 1418 2005 1475 Geschäftsjahr: Kalenderjahr.
1370 1473 2534 1539 Eigene Vertretung in Berlin: W 35, Lützowstr. 19 b.
1372 1523 2534 1587 Eigene Vertretungen im Ausland: Österreich, Balkan-
1372 1564 2204 1628 staaten, Holland, Schweiz, Frankreich.
1796 174 2530 256 Dortmunder — Draiswerke
89 2016 696 2105 Michael Dotterweich,
89 2089 1116 2171 Pfaffenhofen a. Ilm, Frauenstr. 14.
91 2183 962 2245 Fernruf: 4. Drahtanschrift: dotterweich
96 2226 446 2284 Gründung: 1893.
93 2254 1242 2320 Fabrikationsprogramm: Brauerei-, Mälzerei-, Darr-
93 2302 1242 2364 anlagen u. alle deren Einzelteile. Behälterbau in jeder
93 2348 818 2403 Größe u. Form. Feuerungsanlagen.
96 2389 1145 2451 Inhaber: Michael Dotterweich jun., Pfaffenhofen.
98 2423 1239 2490 Bankverbindungen: Deutsche Bank u. Disconto-Ges.,
96 2472 1205 2543 München; Vereinigte Bezirks-Sparkasse, Pfaffenhofen.
93 2520 852 2570 Postscheck-Konto: 27 299 München.
98 2566 712 2621 Geschäftsjahr: Kalenderjahr.
1368 1743 2427 1823 Drahtzüge-Maschinen- & Apparate-
1372 1800 2305 1894 Fabrik M. J. Bauer G. m. b. H.,
1372 1871 2459 1956 Schwabach, Limbacher Straße 31/39.
1372 1974 2255 2043 Fernruf: 644. Drahtanschrift: drahtzüge
1375 2023 2211 2078 Gründung: 1859; seit 1931 G. m. b. H.
1375 2052 2537 2128 Fabrikationsprogramm: Drahtziehmaschinen; Präzisions-
1377 2103 2537 2162 walzwerke; Bohr- und Poliermaschinen für Ziehsteine aus
1377 2151 1970 2208 Diamant und Halbedelsteine.
1377 2190 1851 2252 Kapital: RM 10 000.—.
1379 2217 2500 2288 Anteileigner: Kommerzienrat M. J. Bauer, Frau Dr.
1377 2270 2227 2336 Kroher, Frl. Frieda und Hermine Bauer.
1377 2311 2346 2373 Geschäftsführer: Kommerzienrat M. J. Bauer.
1379 2352 2537 2419 Bankverbindung: Bayerische Vereinsbank, Schwabach.
1377 2401 2149 2462 Postscheck-Konto: 37 800 Nürnberg.
1375 2440 1977 2497 Geschäftsjahr: 1./1.—31./12.
91 2724 407 2815 C. Draeger
93 2788 1127 2877 Maschinenfabrik und Eisengießerei,
96 2875 426 2948 Arnswalde.
93 2941 1251 3015 Fernruf: 307 u. 309. Drahtanschrift: draegermaschinen
96 2999 735 3054 Gründung: 1867; eingetr. 1932.
96 3040 1150 3106 Fabrikationsprogramm: Landmaschinen (Häcksel-
98 3090 902 3138 anlagen). Drehkräne u. Förderanlagen.
96 3122 1249 3182 Inhaber: Franz Draeger (33,3%), Erwin Draeger (33,3%),
98 3161 591 3223 Werner Draeger (33,3%).
98 3212 760 3269 Geschäftsleiter: Franz Draeger.
96 3239 1161 3312 Bankverbindungen: Reichsbank, Städt. Sparkasse,
96 3287 666 3347 Kreis-Sparkasse, Arnswalde.
96 3326 802 3390 Postscheck-Konto: 49 232 Berlin.
96 3372 710 3438 Geschäftsjahr: Kalenderjahr.
96 3432 1084 3496 Grundbesitz: 150 000 qm, davon 5700 qm bebaut.
100 3477 1255 3551 Anlagen: Schlosserei, Schmiede, Eisen- u. Metallgießerei;
103 3521 524 3583 Tischlerei, Sägewerk.
98 3564 1253 3624 Besondere Angaben: 1867 als Eisengießerei gegründet
100 3608 1251 3688 und zur Maschinenfabrik für Stärkefabriken, Brennereien
1375 2611 2044 2689 Draiswerke G. m. b. H.
1375 2678 1883 2765 Maschinenfabrik,
1372 2749 1984 2845 Mannheim-Waldhof.
1377 2847 2351 2912 Fernruf: 59 051. Drahtanschrift: draiswerke
1379 2898 1744 2955 Gründung: 1896.
1379 2930 2537 3001 Fabrikationsprogramm: Maschinen für die Farben-,
1379 2976 2541 3033 Chemische-, Nahrungs- u. Genußmittel-Industrie. Ma-
1379 3019 2278 3081 schinen für den Hoch-, Tief- u. Straßenbau.
1379 3063 2202 3120 Geschäftsführer: Dir. Paul A. Goeser.
1379 3104 1989 3161 Prokurist: Michael Berthold.
1379 3141 2539 3202 Bankverbindungen: Commerz- u. Privat-Bank A.-G.,
1379 3189 2541 3248 Deutsche Bank u. Disconto-Ges., Reichsbank, Mannheim.
1379 3230 2223 3287 Postscheck-Konto: 7844 Karlsruhe i. B.
1379 3273 2003 3331 Geschäftsjahr: Kalenderjahr.
1379 3328 2468 3413 Anlagen: Werkzeug-Maschinen-Park, Montagehalle.
1381 3381 2541 3457 Eigene Vertretung in Berlin: Wilh. Kämke, N 65,
1384 3438 1817 3493 Afrikanische Str. 84.
1381 3459 2546 3539 Besondere Angaben: Die Firma wurde als Fahrrad-
1381 3516 2546 3583 fabrik gegründet u. stellte sich 1898 auf die heutigen
1388 3560 1693 3617 Maschinen um.
1386 3594 2422 3684 Vom Gesamtumsatz entfielen 30 % auf den Export.
110 3821 153 3901 *
2447 3775 2553 3871 131
