2796 4176
250 287 1132 359 Deutsche Kühl — Deutsche Niles
250 424 1380 503 Geschäftsführer: Dir. Bergfeld, Obering. Wittköpper.
252 484 916 547 Prokurist: Ing. W. Bornemann.
252 519 1417 596 Bankverbindungen: Dresdner Bank, Reichs-Kredit-Ges.
255 575 529 628 A.-G., Berlin.
252 598 967 675 Postscheck-Konto: 25 168 Berlin.
250 654 860 716 Geschäftsjahr: 1./1.—31./12.
252 698 1420 788 Anlagen: Vorführungs- u. Versuchsanstalt in Berlin-
255 770 452 823 Spandau.
248 876 1359 967 Deutsche Kühl- und Kraftmaschinen
252 955 877 1039 Gesellschaft m. b. H.,
252 1039 805 1111 Scharfenstein i. E.
252 1097 1334 1176 Fernruf: Zschopau 355. Drahtanschrift: dekawe
257 1164 626 1222 Gründung: 1931.
257 1180 1422 1259 Fabrikationsprogramm: Kühlmaschinen: Dieselmoto-
257 1234 1336 1306 ren; Stanz- u. Drehteile für die Automobilindustrie.
255 1287 795 1350 Kapital: RM 1 500 000.—.
257 1310 1424 1387 Anteileigner: Sächs. Staatsbank, Dresden (RM
257 1359 1420 1429 1 400 000.—); Industrie- u. Verkehrs-A.-G., Dresden
259 1417 584 1475 (RM 100 000.—).
257 1445 1269 1512 Geschäftsführer: Dir. Dr. Spaleck, Dir. Tiede.
257 1498 756 1554 Prokurist: Dir. Schala.
257 1526 1355 1600 Bankverbindungen: Sächs. Staatsbank, Chemnitz;
259 1577 1304 1635 Girokasse Wolkenstein, Zweigstelle Scharfenstein.
259 1624 1004 1686 Postscheck-Konto: 48 445 Leipzig.
257 1663 858 1723 Geschäftsjahr: 1./10.—30./9.
257 1723 1424 1786 Grundbesitz: 165 000 qm, davon 14 000 qm bebaut;
259 1770 1424 1835 gepachtet sind 32 000 qm mit 20 000 qm bebauter
259 1814 1083 1876 Fläche; gesamte Nutzfläche: 50 000 qm.
264 1842 1424 1923 Anlagen: Werk Scharfenstein: Rund 700 Arbeitsmaschi-
264 1893 1424 1955 nen. — Werk Brand-Erbisdorf: Gleisanschluß. Rund
264 1937 1422 1995 300 Arbeitsmaschinen. In beiden Werken: Eigener
262 1981 1427 2041 Werkzeugbau u. eigene Tischlerei sowie Fabrikkantinen.
264 2023 1427 2085 Eigene Vertretungen: in den meisten Großstädten
264 2074 545 2129 Deutschlands.
264 2104 1429 2169 Eigene Vertretungen im Ausland: Europa und den
266 2152 587 2213 Überseeländern.
264 2180 1429 2255 Besondere Angaben: Firma bestand seit 1929 als Teil-
264 2231 1427 2301 betrieb der Fa. Zschopauer Motorenwerke J. S. Ras-
264 2271 1429 2338 mussen, Scharfenstein, und wurde 1931 in die jetzige
264 2320 1429 2380 Firma umgewandelt. In Brand-Erbisdorf b. Freiberg/Sa.
266 2361 1429 2422 wurde 1934 ein Zweigwerk für die Aufnahme der Fa-
264 2401 1317 2461 brikation von Groß-Stanz- u. -Preßteilen eröffnet.
264 2442 1433 2512 Das Hauptwerk verfügt über eine komplett eingerich-
264 2489 1118 2545 tete Ausbildungswerkstatt für Lehrlinge.
264 2531 1252 2589 Gefolgschaft: 1819 Arbeiter u. 316 Angestellte.
269 2563 1436 2637 Umsatz: 1934/35: RM 8 300 000.—; 1935/36: RM
264 2619 535 2677 13 100 000.—.
1540 426 2522 510 Deutsche Löhnert Maschinenbau-
1549 496 2181 577 Gesellschaft m. b. H.,
1549 561 2280 649 Köln, Hansaring 97-105.
1549 642 2554 721 Fernruf: 52 431/32. Drahtanschrift: loebromag
1549 698 1911 756 Gründung: 1925.
1549 730 2675 805 Fabrikationsprogramm: Hartzerkleinerungsmaschinen
1552 772 2705 842 (komplette Einrichtungen für die Zement- und Kalkindu-
1552 825 2311 879 strie). Thomasschlackenmahlanlagen.
1552 865 2027 927 Kapital: RM 100 000.—
1552 890 2698 965 Anteileigner: Dir. K. Brückmann, Bln.-Lankwitz (55%)
1552 946 2705 1002 Obering. K. Julius, Lev.-Schlebusch 2 (30 %); Ing. W.
1554 988 2127 1048 Schmidt, Köln-Vingst (15%).
1554 1020 2415 1088 Geschäftsführer: K. Julius, W. Schmidt.
1552 1069 2710 1134 Bankverbindung: Deutsche Bank u. Disconto-Ges., Köln.
1554 1118 2232 1173 Postscheck-Konto: 45 041 Köln.
1552 1155 2153 1218 Geschäftsjahr: 1./1.—31./12.
1552 1218 2710 1285 Eigene Vertretung in Berlin: Dipl.-Ing. Biernbräuer,
1556 1264 1886 1322 Freisingerstr. 4.
1554 1301 2710 1368 Eigene Vertretungen im Ausland: Schweiz, Italien,
1556 1343 2466 1405 Luxemburg, Belgien, Rumänien, Frankreich.
1554 1385 2710 1450 Besondere Angaben: Im Jahre 1886 übernahm der Ma-
1556 1424 2707 1487 schinenfabrikant Hermann Löhnert in Bromberg das
1556 1468 2707 1531 Jenisch-Kugelmühlen-Patent. Er entwickelte diese Ma-
1559 1508 2710 1572 schine, die in der gesamten Hartzerkleinerung, besonders
1556 1554 2710 1614 in der Zement- u. Kalkindustrie eine bahnbrechende Um-
1559 1596 2710 1654 wälzung hervorrief. Später führte er die Rohrmühle für
1556 1637 2707 1698 die Feinvermahlung von Zement, Thomasschlacke u. dgl.
1561 1681 2707 1739 in Deutschland ein, war einer der ersten Hersteller von
1556 1721 2710 1786 Drehrohröfen in Europa und schuf für die Zementindustrie
1561 1772 2102 1823 die Molitor-Verbundmühle,
1559 1804 2712 1869 Nach seinem Tode gründete die inzwischen in eine A.-G.
1561 1849 2710 1907 umgewandelte Firma 1921 in Berlin eine Zweignieder-
1559 1883 2712 1946 lassunng, welche das gesamte In- und Auslandsgeschäft
1561 1932 2710 1990 vom Stammhause übernahm und aus der sich im Jahre
1561 1971 2710 2029 1925 dann wieder ein selbständiges Unternehmen, die
1563 2013 2707 2074 Deutsche Löhnert Maschinenbau G. m. b. H., entwickelte,
1559 2060 2679 2122 die ihren Sitz und die Fabrikation nach Köln verlegte.
1554 2197 2552 2268 Deutsche Maschinen- u. Bohrgeräte-Fabrik
1561 2250 1923 2313 siehe „Demabo“
262 2739 1408 2832 Deutsche Kugellagerfabrik G. m. b. H.,
264 2818 1157 2911 Böhlitz-Ehrenberg bei Leipzig,
269 2897 828 2974 Gutenbergstraße 6.
269 2969 1329 3048 Fernruf: Leipzig 44 161. Drahtanschrift: dekaef
271 3027 635 3083 Gründung: 1906.
273 3053 1440 3122 Fabrikationsprogramm: Kugellager, Rollenlager, Nadel-
273 3111 884 3169 lager u. Rollen; Lagernadeln.
273 3136 1190 3208 Geschäftsführer: Adolf Witte, Ernst Witte.
273 3190 1143 3254 Prokuristen: Alfred Witte, Arno Frölich.
273 3224 1440 3292 Bankverbindungen: Allgem. Deutsche Credit-Anstalt,
273 3273 1436 3331 Deutsche Bank u. Disconto-Ges., Dresdner Bank, Reichs-
278 3317 1055 3377 bank, Sächsische Staatsbank, Leipzig.
273 3359 1007 3419 Postscheck-Konto: 51 629 Leipzig.
271 3401 879 3463 Geschäftsjahr: 1./1.—31./12.
276 3445 1445 3524 Anlagen: Werk I: Leipzig. Werk II: Böhlitz-Ehrenberg
276 3505 1194 3563 b. Leipzig. — Fabrikanlagen; Gleisanschluß.
273 3547 1443 3614 Eigene Vertretung in Berlin: Erich Kaule, Bln.-Rei-
276 3591 949 3649 nickendorf-Ost, Grüner Weg 112
276 3633 1443 3693 Eigene Vertretungen im Ausland: In verschiedenen
276 3677 464 3737 Ländern.
276 3707 809 3800 Gefolgschaft: 540 Mann.
1561 2387 2306 2480 Deutsche Nadelstabfabrik
1563 2463 2058 2547 Ewald Friedrich,
1559 2533 2566 2614 Chemnitz, Mutschmann-Straße 15.
1566 2623 1911 2691 Fernruf: 33 181.
1566 2670 1930 2728 Gründung: 1916.
1566 2693 2714 2767 Fabrikationsprogramm: Herstellung von Benadelungen
1570 2751 2717 2818 für Flachs-, Hanf- u. Jutespinnereien (Handhecheln,
1568 2790 2155 2855 Hechelleisten, Gills, Riffeln).
1568 2837 2222 2895 Inhaber: Ing. Ewald Friedrich.
1568 2862 2719 2937 Bankverbindungen: Chemnitzer Hausbesitzerbank,
1568 2925 2257 2976 Chemnitzer Giro-Bank, Chemnitz.
1570 2960 2301 3027 Postscheck-Konto: 97 076 Leipzig.
1568 3006 2178 3064 Geschäftsjahr: 1./1.—31./12.
1568 3050 2505 3120 Grundbesitz: 960 qm, davon 400 qm bebaut.
1570 3101 2719 3178 Anlagen: Mechanische Werkstätten mit den erforder-
1573 3155 2034 3210 lichen Nebenbetrieben.
1566 3285 2531 3366 Deutsche Niles Werke Akt.-Ges.,
1566 3359 2510 3442 Berlin-Weißensee, Riebestr. 6/7.
1570 3440 2475 3512 Fernruf: Bln. 56 40 91 u. Chemnitz 39 357.
1570 3491 2675 3551 Drahtanschrift: nileswerke berlin (oder) nileswerke
1573 3540 1740 3593 siegmar
1573 3582 1937 3637 Gründung: 1898.
1573 3607 2714 3681 Fabrikationsprogramm: Karusseldrehbänke, Zahnräder-
1573 3653 2719 3716 schleif-, Räderfräsmaschinen, Horizontalbohrwerke,
1570 3698 2719 3783 Hochleistungsdrehbänke, Flächenschleifmaschinen; Spe
276 3888 389 3974 118
