2796 4176
215 194 777 283 Waltke — Wanderer
208 357 1378 426 fabrikation, insbesondere für Zwickerei u. Bodenbefesti-
215 412 1375 470 gung; Klebepressen, Überholmaschinen; Klammerheft-
213 454 1378 519 maschinen für vereschiedenartige Verwendungszwecke;
211 491 515 549 Kompressoren.
213 538 1382 598 Gesellschafter: Heinrich Walther sen. u. jun., August
213 577 385 635 Walther.
211 610 1378 682 Geschäftsführer: Heinrich Walther sen., August
213 658 394 716 Walther.
211 700 1375 760 Bankverbindungen: Reichsbank, Commerz- u. Privat-
211 749 1373 814 Bank A.-G., Deutsche Bank u. Disconto-Ges., Offenbach.
211 786 1106 851 Postscheck-Konto: 13 850 Frankfurt a. M.
211 835 812 893 Geschäftsjahr: 1./1.—31./12.
211 872 1201 934 Grundbesitz: 3100 qm, davon 1320 qm bebaut.
211 934 1373 995 Anlagen: Mechanische Werkstätten mit den erforder-
208 979 1371 1039 lichen Nebenbetrieben. Vorführraum von betriebsferti-
206 1025 1127 1083 gen Maschinen. Kaufm. u. technische Büros.
206 1067 1366 1134 Eigene Vertretung in Berlin: Fritz Emmerich, SW 19,
208 1104 440 1164 Rosstr. 21.
197 1241 798 1334 C. Heinrich Waltke,
201 1315 1317 1405 Minden (Westf.), Kutenhauserstr. 13.
199 1403 1239 1473 Fernruf: 2448 u. 2507. Drahtanschrift: cehawe
206 1456 568 1514 Gründung: 1922.
201 1487 1368 1554 Fabrikationsprogramm: Ersatzteile für Milchzentri-
206 1538 334 1598 fugen.
201 1575 1364 1644 Bankverbindung: Gewerbebank e. G. m. b. H., Minden.
199 1621 979 1684 Postscheck-Konto: 45 058 Hannover.
1510 380 2557 463 Wanderer-Werke vorm. Winklhofer
1508 445 2167 526 & Jaenicke Akt.-Ges.,
1508 515 2403 596 Siegmar-Schönau b. Chemnitz.
1503 586 2666 656 Fernruf: Chemnitz Sammelnummer 33 141; für Fernge-
1508 640 1816 693 spräche 33 146.
1505 675 2283 730 Drahtanschrift: wanderer chemnitz
1508 723 2190 774 Gründung: 1885; seit 1896 A.-G.
1503 758 2661 825 Fabrikationsprogramm: Wanderer-Fräsmaschinen u.
1505 800 2666 863 -Werkzeuge; Continental-Schreib-, Addier- u. Buchungs-
1503 844 2601 911 maschinen; Wanderer-Fahrräder u. -Motor-Fahrräder.
1508 886 2039 946 Kapital: RM 7 860 000.—
1505 927 2666 990 Vorstand: Gen.-Dir. Hermann Klee, Chemnitz, Vorsitzen-
1503 962 2659 1037 der des Vorstandes; Stellv.: Dir. Albert Wohlgemuth,
1503 1009 2661 1083 Siegmar-Schönau b. Chemnitz; Dir. Hermann Gröschler,
1501 1053 1705 1108 Chemnitz.
1501 1085 2661 1162 Prokuristen: Walter Anschütz, Rudolf Backe, Dipl.-Ing.
1503 1139 2663 1204 Arthur Brehm, Karl Bünger, Dr. Felix Eisele, Richard
1501 1176 2661 1248 Freyer, Helmut Haberkorn, Friedrich Heinzelmann,
1501 1222 2661 1285 Karl Hueg, Dr. Werner Kniehahn, Paul Korn, Hermann
1501 1262 2661 1334 Koschitzki, Dipl.-Kfm. Rudolf Kronhagel, Paul Petzold,
1501 1306 2218 1368 Hans Reinhardt, Theodor Strobel.
1501 1350 2661 1412 Aufsichtsrat: Vors.: Bankdir. Dr. Hans Schippel, Ber-
1501 1389 2661 1459 lin; Stellv.: Dir. Dr. ing. Herbert von Klemperer, Berlin;
1503 1426 2132 1487 Konsul Max Reimer, Dresden.
1498 1470 2566 1542 Bankverbindungen: Reichsbank, Dresdner Bank,
1498 1514 1707 1575 Chemnitz.
1498 1547 2204 1617 Postscheck-Konto: 3632 Leipzig.
1496 1598 2092 1663 Geschäftsjahr: 1./1.—31./12.
204 1777 839 1855 Walzmaschinenfabrik
201 1853 1020 1937 August Schmitz G. m. b. H.,
197 1918 1164 2011 Düsseldorf, Neusser Str. 101/115.
199 1997 1239 2069 Fernruf: 15 154. Drahtanschrift: walzenschmitz
201 2057 559 2111 Gründung: 1880.
199 2081 1364 2155 Fabrikationsprogramm: Bandwalzwerke für alle Me-
197 2139 1362 2192 talle, Hilfsmaschinen, wie Zirkularscheren, Richtmaschi-
199 2183 1359 2245 nen, Bänderbeizmaschinen. Komplette Anlagen zur
197 2220 1359 2278 Herstellung von Staniol- u. Aluminium-Folien. Spe-
197 2266 916 2322 zialität: Gehärtete Gußstahlwalzen,
197 2306 1359 2364 Bankverbindungen: Dresdner Bank, Bankhaus C. G.
199 2345 1359 2415 Trinkaus, Deutsche Bank u. Disconto-Ges., Düsseldorf.
197 2387 877 2449 Postscheck-Konto: 15 269 Köln.
197 2438 805 2496 Geschäftsjahr: 1./1.—31./12.
1496 1656 1826 1707 Grundbesitz:
1496 1723 1823 1788 Werk Schönau
1496 1770 1828 1839 Werk Siegmar
1496 1811 1851 1874 Sonstiger Besitz
2255 1821 2638 1890 340 20 578,6
1494 1851 2002 1920 Gepachtetes Freizeit- u.
1494 1909 2225 1983 Sportgelände i. Schönau 72 429,4
1491 1967 2642 2032 Gesamter Grundbesitz 430 091,9 84 511,4 345 580,5
1496 2006 2654 2074 Anlagen: Werk Schönau bei Chemnitz: Büromaschinen-
1494 2048 2656 2120 u. Fahrrad-Montagen u. mechanische Betriebs-Abteilun-
1494 2090 2654 2162 gen (2200 Bearbeitungsmaschinen mit Gruppenantrieb u.
1491 2139 2654 2206 zum großen Teil mit Einzelantrieb); Automatendreherei,
1498 2173 2645 2248 Stanzerei, Lackiererei, Vernickelei. Gleisanschluß. —
1496 2217 2654 2282 Werk Siegmar: Bau von Fräsmaschinen u. Fräswerk-
1491 2262 2654 2326 zeugen (1450 Bearbeitungsmaschinen mit Gruppen-
1489 2303 2654 2378 antrieb u. zum großen Teil mit Einzelantrieb). Gleis-
1491 2347 1684 2405 anschluß.
1974 1654 2661 1719 Ges.-Fläche bebaut unbebaut
190 2575 582 2670 Chr. Wandel
190 2654 1132 2739 Metalltuch- u. Maschinenfabrik,
192 2732 814 2823 Reutlingen (Wttbg.).
192 2811 1102 2881 Fernruf: 2580. Drahtanschrift: wandelius
197 2860 561 2911 Gründung: 1869.
192 2883 1357 2958 Fabrikationsprogramm: Metalltücher für die Papier-
192 2939 1355 3009 fabrikation, Drehknotenfänger, Stoff-Fänger, Eindicker,
192 2978 807 3041 Rundsiebzylinder, Egoutteure.
192 3027 1243 3083 Inhaber: Dipl.-Ing. Erich Wandel, Hugo Wandel.
194 3067 867 3127 Prokurist: Ing. Eugen Wandel.
190 3111 1357 3164 Bankverbindungen: Reichsbank, Dresdner Bank. Deut-
192 3145 1027 3213 sche Bank u. Disconto-Ges.-Reutlingen.
190 3187 932 3248 Postscheck-Konto: 5593 Stuttgart.
187 3238 819 3299 Geschäftsjahr: Kalenderjahr.
190 3296 1355 3357 Anlagen: Maschinenfabrik, Werkzeugmacherei, Flasch-
187 3343 1178 3408 nerei, Schmiede, Schreinerei; Metalltuchweberei.
190 3375 1355 3449 Besondere Angaben: Der Gründer der Firma erfand
187 3426 1350 3493 den Drehknotenfänger, der sich mit so großem Erfolg
187 3461 1348 3533 durchsetzte, daß heute praktisch kaum mehr eine an-
187 3510 1350 3572 dere Sortieranlage in einer Papierfabrik zu finden ist.
190 3547 1350 3614 Diese Erfindung bedeutet einen Markstein in der Ent-
190 3595 1350 3658 wicklung der Papierherstellung u. hat einen großen An-
187 3630 1262 3728 teil an dem enormen Aufschwung dieser Industze.
2072 1698 2157 1749 qm
2030 1823 2250 1890 20 918,6
1491 2382 2656 2447 Eigene Vertretungen in Berlin: Continental-Büro-
1494 2436 2652 2491 maschinen G. m. b. H., SW 68, Kochstr. 60/61. — Wan-
1489 2468 2654 2538 derer-Werke Akt.-Ges., Generalvertretung für Fräsma-
1491 2510 2649 2577 schinen u. Werkzeuge: SW 68, Kochstr. 60/61. — Wan-
1489 2556 2649 2621 derer-Werke Akt.-Ges. Fahrrad-Auslieferungslager, SW
1489 2600 2009 2658 61, Belle-Alliance-Str. 71.
1491 2635 2394 2702 Vertretungen im Ausland: Auf Anfrage.
1489 2681 2652 2749 Tochtergesellschaft: Continental-Büromaschinen G. m.
1491 2719 2257 2786 b. H., Berlin SW 68, Kochstr. 60/61.
1487 2770 2652 2825 Besondere Angaben: Gegründet als „Chemnitzer Velo-
1489 2809 2649 2872 ciped-Fabrik Winklhofer & Jaenicke, Chemnitz“. — 1896
1487 2846 2649 2920 Umwandlung in eine Aktiengesellschaft unter dem
1489 2890 2647 2960 Namen „Wanderer-Fahrradwerke vorm. Winklhofer &
1487 2934 2647 3004 Jaenicke“. — 1908 Önderung der Firma in „Wanderer-
1489 2971 2645 3043 Werke vorm. Winklhofer & Jaenicke Akt.-Ges.“. — 1885
1485 3020 2649 3078 ausschließlich Herstellung von Fahrrädern. — 1899 Hin-
1485 3064 2647 3129 zunahme der Herstellung von Fräsmaschinen u. Fräsern.
1491 3104 2647 3162 — 1904 Aufnahme der Fabrikation von Continental-
1491 3141 2645 3208 Schreibmaschinen. — 1912 Bau von Kraftwagen. — 1923
1487 3183 2645 3250 Fabrikationsprogramm-Erweiterung durch die Herstel-
1485 3224 2633 3292 lung von Continental-Addier- u. Buchungsmaschinen. —
1487 3271 2647 3336 1932 Abgabe der Automobil-Abteilung an die Auto Union
1487 3312 1826 3370 A.-G., Chemnitz
1482 3396 2645 3466 zwei juristisch, wirtschaftlich u. fabrikatorisch voll-
1485 3440 2642 3505 ständig voneinander getrennte, selbständige Unternehmen
1482 3479 1577 3542 dar.
1480 3517 2645 3589 Gefolgschaft: 1930 1931 1932 1933 1934 1935 1936
1480 3568 2642 3628 insgesamt 4616 3380 2300 2500 5219 6039 7171
1482 3607 2642 3670 Für die Ausbildung der Lehrlinge (330) besteht eine be-
1485 3656 2097 3718 sondere Lehrlings-Werkstätte.
2299 1705 2371 1756 qm
2025 1737 2642 1800 76 073,9 31 428,4 44 645,5
2007 1772 2647 1839 260 670,— 52 743,— 207 927,—
2519 1705 2591 1753 qm
2276 1897 2645 1962 — 72 429,4
178 3814 290 3904 624
