2796 4176
234 227 777 303 Sommer — Sonntag.
232 380 1058 463 Sommer-Schmidding-Werke
236 454 1097 528 Vertriebsgesellschaft m. b. H.,
227 517 1109 605 Düsseldorf, Flingerbroich 203.
229 600 1227 675 Fernruf: 61 844/45. Drahtanschrift: apparatus
229 658 594 712 Gründung: 1930.
232 682 1401 754 Fabrikationsprogramm: Einrichtungen für Lack- und
232 744 533 795 Firnisfabriken.
234 779 707 846 Kapital: RM 21 000.—
232 814 1401 886 Anteileigner: Heinrich C. Sommer Nachf. (66%%), Düs-
234 863 1134 925 seldorf; Wilhelm Schmidding (33⅓ %), Köln.
232 900 1401 962 Geschäftsführer: Josef Sommer, Andreas Schaefer,
236 944 665 1006 Wilhelm Schmidding.
234 988 779 1053 Prokurist: Albert Herold.
234 1027 1403 1099 Bankverbindung: Deutsche Bank u. Disconto-Ges.,
236 1081 468 1134 Düsseldorf.
234 1115 937 1180 Postscheck-Konto: 29 389 Essen.
232 1160 839 1218 Geschäftsjahr: 1./1.—31./12.
234 1199 1401 1285 Eigene Vertretung in Berlin: Otto Praetsch, Bln.-
234 1266 716 1327 Friedenau, Fehlerstr. 9.
236 1287 1403 1368 Eigene Vertretungen im Ausland: In 20 verschiedenen
236 1352 422 1415 Ländern.
236 1373 1403 1459 Besondere Angaben: Die Firma wurde gegründet für
234 1431 1399 1496 den Vertrieb der von den Firmen Heinrich C. Sommer
236 1468 1399 1538 Nachf., Düsseldorf, u. Wilhelm Schmidding, Köln-Manns-
234 1514 1401 1586 feld, fabrizierten Spezialitäten auf dem Gebiet der Appa-
236 1559 1269 1619 raturen zur Herstellung von Lacken u. Firnissen.
234 1596 1403 1672 Die von der Gesellschaft vertriebenen Spezialapparaturen
238 1640 1401 1702 werden hergestellt bei den Gesellschafterfirmen u. den
234 1681 1401 1751 angegliederten Fabrikationsstätten in London, Paris,
236 1733 552 1795 Danzig, Außig.
236 1772 863 1830 Gefolgschaft: 25 Angestellte.
1529 375 2691 431 pachtet sind 4970 qm mit 4970 qm bebauter Fläche; ge-
1531 412 2125 475 samte Nutzfläche: 43 387 qm.
1533 452 2689 515 Anlagen: Mechanische Werkstätten mit den erforder-
1531 503 1997 559 lichen Nebenbetrieben.
1533 535 2689 596 Besondere Angaben: Die Fabrikation dieses einst welt-
1533 580 2686 640 berühmten Unternehmens hat ca. 6 Jahre geruht. Wäh-
1533 621 2686 686 rend dieser Zeit wurde nur die Grundstücksverwaltung
1533 663 2686 721 durchgeführt. — 1929 wurde die Werkzeugmaschinen-
1533 705 2686 774 abteilung auf die Deutsche Niles-Werke A.-G. in Berlin
1533 747 2686 809 u. die Textilmaschinenabteilung auf die Schubert-Salzer
1536 786 2684 853 A.-G., Chemnitz, übertragen. Durch die Initiative des
1533 832 2686 890 Vorsitzenden des Aufsichtsrats, Herrn Gen.-Dir. Joh.
1536 874 2689 937 F. A. Schöning, Chemnitz, konnte die Fabrikation im
1533 916 2689 985 April 1936 wieder aufgenommen werden. — Beachtens-
1533 960 2689 1023 werte Fortschritte u. gute Entwicklung des Betriebes
1531 999 2487 1062 sind seit der Wiederaufnahme zu verzeichnen.
1529 1129 2241 1218 Heinrich Sonnenschein,
1531 1197 2594 1292 Fabrik für Getreide-Sortierzylinder,
1531 1271 2615 1373 Leipzig W 33, Demmeringstraße 51.
1533 1350 2547 1426 Fernruf: 43 912. Drahtanschrift: sonnenschein
1536 1412 1900 1470 Gründung: 1901.
1536 1443 2693 1512 Fabrikationsprogramm: Fabrik verstellbarer Getreide-
1536 1489 2320 1552 Sortierzylinder u. deren Reparaturen.
1536 1538 2208 1593 Inhaber: Oscar u. Otto Rurack.
1536 1566 2654 1640 Bankverbindung: Dresdner Bank Depk. B., Leipzig.
1536 1624 2266 1686 Postscheck-Konto: 55 799 Leipzig.
1536 1665 2160 1721 Geschäftsjahr: Kalenderjahr.
234 1909 937 1995 Sommer, Wendt & Co.,
234 1983 1048 2069 Rathenow, Waldemarstr. 5.
236 2062 1085 2143 Fernruf: 3142. Drahtanschrift: soweco
236 2122 603 2183 Gründung: 1936.
241 2139 1406 2222 Fabrikationsprogramm: Mechan. Artikel (Einzelteile),
236 2199 1155 2262 optische Werkzeuge u. Maschinen aller Art.
238 2241 1334 2313 Inhaber: Paul Sommer, Premnitz; Alfred Rhinow,
238 2285 491 2350 Spaatz i. M.
238 2320 1197 2387 Bankverbindung: Dresdner Bank, Rathenow.
238 2373 951 2433 Postscheck-Konto: 64 833 Berlin.
234 2410 863 2477 Geschäftsjahr: Kalenderjahr.
236 2454 1406 2538 Grundbesitz: Gepachtet sind 400 qm mit 400 qm be-
238 2519 1118 2589 bauter Fläche; gesamte Nutzfläche: 400 qm.
241 2554 1403 2623 Anlagen: Mechan. Werkstatt, bestehend aus 2 Fabrika-
238 2600 1401 2663 tionsräumen mit Nebenräumen; 20 Hochleistungsdreh-
238 2642 1406 2709 bänken, 5 Fräsmaschinen, 5 Bohrmaschinen, Chaping u.
241 2691 1002 2749 sonstigen Maschinen u. Werkzeugen.
1533 1791 2273 1879 Emil Sonntag G. m. b. H.
1538 1862 2236 1951 Wirkmaschinen-Fabrik,
1536 1937 2065 2029 Oberfrohna (Sa.),
1540 2009 2229 2101 Waldenburger Str. 105.
1536 2092 2120 2159 Fernruf: Limbach/Sa. 3824.
1538 2136 2512 2201 Drahtanschrift: maschinensonntag oberfrohna
1538 2178 2343 2245 Gründung: 1883; seit 1928 G. m. b. H.
1538 2215 2700 2292 Fabrikationsprogramm: Kettenwirkmaschinen (Ketten-
1538 2271 1944 2326 stühle-Schnelläufer).
1543 2306 2362 2373 Anteileigner: Emil Sonntag u. Söhne.
1538 2350 2308 2412 Geschäftsführer: Emil Sonntag sen.
1540 2375 2608 2454 Prokuristen: Alexander Sonntag, Herbert Sonntag
1538 2429 2693 2500 Bankverbindungen: Commerz- u. Privat-Bank A.-G.,
1540 2473 2698 2542 Dresdner Bank, Limbach/Sa.; Girobank, Oberfrohna/Sa.
1540 2521 2269 2579 Postscheck-Konto: 35 247 Leipzig.
1538 2565 2143 2623 Geschäftsjahr: 1./1.—31./12.
1538 2621 2294 2691 Anlagen: Mechanische Werkstätten.
1538 2661 2700 2735 Besondere Angaben: Das Unternehmen wurde als Bau-
1543 2702 2696 2772 schlosserei-Betrieb gegründet. Später wurde dann der
1538 2746 2696 2816 Kettenwirkmaschinenbau aufgenommen. Seinerzeit wur-
1540 2784 2696 2855 den durchschnittlich 30 Leute beschäftigt. Im Laufe der
1540 2823 2696 2900 letzten Jahre konnte die Gefolgschaftsmitgliederzahl auf
1538 2879 2457 2939 den heutigen Stand von 50 gebracht werden.
238 2830 1408 2934 Sondermann & Stier Aktiengesellschaft,
238 2923 793 2995 Chemnitz, Aue 26.
241 2992 591 3064 Fernruf: 26 544.
245 3032 958 3101 Gründung: 1857; seit 1872 A.-G.
245 3069 1408 3145 Fabrikationsprogramm: Schnelläufer-Drehbänke, leichte
245 3127 1153 3187 Präzisionsdrehbänke, Innenschleifmaschinen.
245 3169 742 3236 Kapital: RM 300 000.—.
245 3196 1234 3271 Großaktionär: Gen.-Dir. Joh. F. A. Schöning.
245 3250 900 3310 Vorstand: Dir. Martin Reuter.
245 3294 809 3366 Prokurist: Alfred Schenk.
248 3315 1408 3405 Aufsichtsrat: Vors.: Gen.-Dir. Joh. F. A. Schöning,
245 3380 1408 3440 Chemnitz; Stellv.: Reichsminister a. D. Dr. Peter Rein-
248 3428 512 3486 hold, Berlin.
245 3447 1410 3526 Bankverbindungen: Reichsbank, Commerz- u. Privat-
245 3507 1167 3568 Bank A.-G., Chemnitzer Girobank, Chemnitz.
245 3549 981 3616 Postscheck-Konto: 56 996 Leipzig.
243 3593 826 3667 Geschäftsjahr: 1./7.—30./6.
241 3649 1422 3744 Grundbesitz: 38 417 qm, davon 7140 qm bebaut; ge-
1540 3009 2457 3094 Otto Sonntag Maschinenfabrik,
1540 3085 2197 3178 Glauchau, Ehretstr. 2.
1540 3166 2410 3236 Fernruf: 2830. Drahtanschrift: osomag
1540 3220 2211 3275 Gründung: 1924; eingetr. 1925.
1540 3250 2696 3326 Fabrikationsprogramm: Schermaschinen für alle Stoffe,
1540 3287 2696 3363 auch Teppiche; Schermesserschleifmaschinen; Meß- und
1543 3331 2700 3410 Dubliermaschinen; Appreturmaschinen; Rauh- und Bürst-
1545 3394 1775 3447 maschinen.
1543 3431 2051 3489 Kapital: RM 100 000.—.
1543 3468 2044 3535 Inhaber: Otto Sonntag.
1543 3486 2703 3589 Bankverbindungen: Dresdner Bank, Zwickau; Stadt-
1545 3561 1879 3619 bank, Glauchau.
1543 3595 2318 3667 Postscheck-Konto: 112 500 Dresden.
1540 3640 2169 3728 Geschäftsjahr: Kalenderjahr.
245 3841 359 3925 568
