2796 4176
241 204 529 278 Maschinen
229 352 1301 443 Maschinen- u. Apparate-Bauanstalt
232 422 575 503 G. m. b. H.,
225 496 1327 589 Rheydt (Rhld.), Dorfbroicher Str. 24.
225 593 1213 658 Fernruf: 44 026. Drahtanschrift: apparatebau
229 638 584 698 Gründung: 1913.
227 675 1392 754 Fabrikationsprogramm: Maschinen f. d. Textilindustrie,
225 721 986 791 insbesondere Befeuchtungsmaschinen.
234 758 716 823 Kapital: RM 150 000.—
227 805 1334 869 Anteileigner: Heinrich Pferdmenges, Rheydt-Giesen-
225 839 547 902 kirchen (100%).
225 886 904 953 Geschäftsführer: Hans Langen.
227 930 888 995 Prokurist: Erich Braß, Rheydt.
225 969 1394 1046 Bankverbindungen: Commerz- u. Privat-Bank A.-G.,
222 1013 1069 1076 Deutsche Bank u. Disconto-Ges., Rheydt.
222 1057 900 1122 Postscheck-Konto: 36 816 Köln.
222 1099 821 1157 Geschäftsjahr: 1/1.—31./12.
220 1160 1004 1224 Anlagen: Maschinenbau-Werkstätten.
220 1206 1252 1266 Eigene Vertretungen im Ausland: Auf Anfrage
220 1241 1389 1308 Besondere Angaben: Die Gesellschaft bearbeitet das Ge-
220 1289 1387 1357 biet der Textilbefeuchtung seit ihrer Gründung und ex-
220 1331 870 1405 portiert 65% ihrer Erzeugnisse.
1529 380 2689 440 Schwerwerkzeugmaschinen für Walz- u. Röhrenwerke
1529 408 2686 477 (Richtmaschinen, Schienenbearbeitungsmaschinen, Blech-
1529 452 2686 519 kantenhobelmaschinen, Röhren- u. Muffen-Dreh- u. Ab-
1526 489 2679 568 stechbänke, -Gewindeschneidmaschinen). Fittings- u
1529 528 2684 610 Radiatorenbearbeitungsmaschinen. — Schmiedestücke bis
1526 577 2208 638 500 mm G u. 5000 kg Gewicht.
1529 614 2684 693 Gesellschafter: Ing. Werner Müller, Herbert Mutzke,
1531 658 2132 721 Dr. rer. pol. Frederik Wirth.
1529 700 2559 770 Prokuristen: Wilhelm Jansen, Ing. Ernst Lange.
1526 747 2684 818 Bankverbindungen: Reichsbank, Rheydt; Deutsche
1526 786 2677 863 Bank u. Disconto-Ges., Düsseldorf; Reichs-Kredit-Ges.,
1524 818 2315 890 Berlin; Westfalenbank A.-G., Bochum.
1524 869 2218 930 Postscheck-Konto: 19 898 Köln.
1522 914 2146 979 Geschäftsjahr: Kalenderjahr.
1519 976 2603 1041 Grundbesitz: 105 500 qm, davon 26 800 qm bebaut.
1524 1018 2679 1083 Anlagen: Mechanische Werkstätten mit den erforder-
1522 1062 2260 1122 lichen Nebenbetrieben u. Schmiede
1522 1102 2679 1169 Tochtergesellschaft: Alfred Wirth & Co., Verkaufs-
1519 1146 2538 1211 gesellschaft m. b. H., Hannover, Kolbergstr. 12b.
1522 1192 2677 1264 Firma gehört folgendem Konzern an: Otto Wolff,
1524 1231 1640 1287 Köln.
1517 1266 2677 1336 Besondere Angaben: Das Unternehmen hat sich aus der
1519 1308 2673 1378 1895 gegründeten „Internationalen Bohrgesellschaft A.-
1517 1354 2673 1419 G.“, Erkelenz, entwickelt. Für die Ausbildung des Nach-
1517 1396 2670 1468 wuchses besteht eine eigene Lehrlingswerkstätte u.
1517 1438 2153 1505 Werkschule mit 70 Lehrlingen
1512 1482 2137 1549 Gefolgschaft: 650 Mitglieder.
208 1552 1162 1644 Maschinen- & Armaturenfabrik
211 1630 1102 1721 vorm. C. Louis Strube A.-G.,
208 1700 1271 1786 Magdeburg-Buckau, Porsestraße 19.
208 1788 1169 1853 Fernruf: 41 451/53. Drahtanschrift: vollhub
211 1835 900 1895 Gründung: 1864; seit 1889 A.-G.
208 1874 1385 1939 Fabrikationsprogramm: Niederhub-, Vollhub-, Höchst-
208 1913 1378 1981 hub-Sicherheitsventile; Wasserstandsanzeiger, Signalappa-
206 1955 1378 2025 rate; Dampfentwässerer, Absperrorgane, Hocheffekt-Ven-
208 2002 1378 2069 tile, Reduzier-Ventile, Regler, Dampfstrahlapparate; In-
208 2039 858 2104 jektoren, Temperaturenmischer.
211 2088 696 2146 Kapital: RM 200 000.—
206 2120 1206 2194 Großaktionär: Das A.-K. ist im Familienbesitz.
211 2166 798 2236 Vorstand: Dir. Fr. Wempe.
206 2208 1116 2275 Prokuristen: W. O. Fischer, Alois Stegner
206 2250 1378 2322 Aufsichtsrat: Vors.: Arnulf Freiherr von Gillern; Stellv.:
204 2292 891 2364 Dr. Martin Nathusius, Magdeburg
204 2333 1373 2417 Bankverbindung: Deutsche Bank u. Disconto-Ges.,
206 2378 440 2440 Magdeburg.
201 2419 837 2482 Geschäftsjahr: Kalenderjahr.
199 2484 1276 2554 Grundbesitz: 15 120 qm, davon 10 045 qm bebaut.
201 2531 1371 2600 Anlagen: Metall- u. Eisengießerei; Metall- u. Eisen-
201 2568 923 2633 dreherei; Schlosserei u. Tischlerei.
201 2607 1373 2679 Eigene Vertretung in Berlin: C. E. Staats, Bln.-Köpe-
201 2658 596 2716 nick, Schloßstr. 10
197 2691 1373 2760 Eigene Vertretungen im Ausland: s'Gravenhage, Buka-
206 2739 856 2804 rest, Kopenhagen, Buenos-Aires.
197 2786 1368 2846 Besondere Angaben: Für die Ausbildung des Nach-
199 2825 1364 2890 wuchses ist eine Lehrlingsabteilung unter Leitung eines
197 2860 1366 2932 Fachlehrers eingerichtet. — Seit 1933 hat eine wesent-
194 2906 1259 2978 liche u. stetige Steigerung des Umsatzes eingesetzt.
194 2951 1368 3016 Gefolgschaft: 780 Arbeiter (davon 50 Lehrlinge) u. 125
197 2995 872 3060 Angestellte (davon 8 Lehrlinge).
1512 1607 2429 1702 Maschinen- und Getriebefabrik
1510 1688 2429 1777 Nowawes Schirmbeck & Seven,
1510 1763 2308 1842 Nowawes, Lindenstraße 36.
1508 1837 2027 1909 Fernruf: Potsdam 7648.
1510 1893 1870 1951 Gründung: 1915.
1508 1925 2670 1997 Fabrikationsprogramm: Automobilersatzteile wie Achs-
1510 1974 2666 2043 u. Kardanwellen, Zahn- u. Kettenräder; Herstellung u.
1508 2013 2666 2090 Instandsetzung kleiner u. mittlerer Maschinen aller Art.
1510 2057 1956 2113 Kapital: RM 50 000.-
1508 2094 2670 2171 Inhaber: Karl Wilk, Nowawes; Karl Zenner, Bergholz-
1510 2139 1735 2199 Rehbrücke.
1505 2183 2666 2255 Bankverbindung: Sparkasse des Kreises Teltow,
1510 2224 1707 2285 Nowawes.
1505 2264 2253 2326 Postscheck-Konto: 124 924 Berlin.
1503 2308 2104 2371 Geschäftsjahr: 1./1.—31./12.
1501 2359 2457 2442 Grundbesitz: 600 qm, davon 400 qm bebaut.
1503 2415 2663 2489 Anlagen: Werkzeug- pp.-Maschinen für das aufgeführte
1508 2452 2452 2521 Fabrikationsprogramm u. Salzbadhärteanlage
1505 2498 2663 2568 Besondere Angaben: Das Unternehmen wurde von der
1510 2538 2389 2605 Firma Richard Peiseler, Berlin, gegründet.
1501 2584 2659 2658 Der Umsatz hat sich in den letzten Jahren stetig gehoben.
1498 2628 2076 2686 Gefolgschaft: 22 Personen.
1496 2753 2255 2844 Maschinen- und Kranbau
1496 2830 2253 2920 Leo Gottwald Kom.-Ges.,
1494 2897 2283 2995 Düsseldorf, Fürstenplatz 3.
1496 2974 2382 3055 Fernruf: 27 754. Drahtanschrift: mukag
1503 3032 2355 3094 Gründung: 1906; seit 1936 Komm.-Ges.
1496 3069 2654 3138 Fabrikationsprogramm: Baumaschinen, Ackerbauma-
1496 3120 2654 3190 schinen, Rohr-Walzwerkmaschinen, Rammen, elektrische
1501 3162 1995 3222 u. Dampfkrane, Bagger.
1496 3201 2032 3261 Kapital: RM 1 250 000.—
1496 3236 2652 3308 Komplementär: Gen.-Konsul Leo Gottwald, Düsseldorf.
1496 3287 2652 3359 Prokuristen: Dir. Franz Berndt, Dir. Hans Nauhardt,
1496 3326 1819 3382 Dir. Paul Witt.
1491 3370 2654 3440 Bankverbindungen: Dresdner Bank, Schliep & Co.
1498 3410 1867 3473 A.-G., Düsseldorf.
1491 3447 2148 3512 Postscheck-Konto: 8618 Köln.
1489 3498 2130 3561 Geschäftsjahr: Kalenderjahr:
1489 3561 2552 3626 Grundbesitz: 35 000 qm, davon 12 500 qm bebaut.
1489 3605 2649 3674 Anlagen: Werk Holthausen: Transporteinrichtungen,
1489 3647 2649 3730 Lokomobilanlage. — Werk Gößnitz: Maschinenbau-Werk-
187 3229 1183 3322 Maschinen- und Bohrgerätefabrik
187 3299 995 3387 Alfred Wirth & Co., K.-G.,
190 3368 723 3456 Erkelenz (Rhld.).
187 3459 1037 3521 Fernruf: 221. Drahtanschrift: wirthco
187 3500 554 3563 Gründung: 1917.
187 3544 1357 3616 Fabrikationsprogramm: Tiefbohreinrichtungen für den
190 3586 1355 3656 Aufschluß von Mineralien aller Art u. für die Gewinnung
190 3626 1357 3711 von Erdöl; Erdölproduktionsgeräte. Adjustage- und
183 3807 301 3897 360
