2796 4124
112 348 820 423 Hermann Kleinschmidt,
112 407 715 499 Bandwebstuhlfabrik,
116 481 1109 572 Wuppertal-Oberbarmen, Ackerstr.
116 575 478 630 Gründung: 1919.
114 611 1274 687 Fabrikationsprogramm: Webereimaschinen, Bandweb-
119 664 242 719 stühle.
1226 696 1260 760 N
112 687 744 765 Geschäftsjahr: Kalenderjahr.
114 941 1019 1037 Karl Klemm Maschinenfabrik,
110 1019 1214 1102 Dresden-A. 40, Cunnersdorfer Str. 18.
112 1111 650 1168 Fernruf: 42 170 u. 46 170.
114 1152 1136 1216 Drahtanschrift: ingenieurklemm dresdencoschütz
116 1195 469 1250 Gründung: 1925.
114 1216 1274 1294 Fabrikationsprogramm: Auto-Hebebühnen, Kompressor-
116 1278 1269 1340 Anlagen; Geräte f. d. moderne Kraftwagenpflege; Elektro-
114 1319 1271 1392 züge; Elektro-Kabelwinden; Kettenhebezeüge u. sonstige
116 1360 339 1422 Hebezeuge.
114 1402 586 1461 Inhaber: Karl Klemm.
112 1443 1271 1507 Bankverbindungen: Dresdner Bank, Stadtbank, Dresden.
116 1489 847 1546 Postscheck-Konto: 19 332 Dresden.
116 1535 708 1592 Geschäftsjahr: 1./1.—31./12.
116 1573 1271 1649 Anlagen: Gepachtet sind 10 000 qm mit 4000 qm bebauter
116 1635 1269 1700 Fläche. Kranbauwerkstätten, Elektroschweißerei und
116 1679 607 1736 Kompressorenbauanstalt.
116 1706 1210 1784 Eigene Vertretung in Berlin: Rich. Tetzner, Bln.-
121 1764 682 1823 Tempelhof, Ringbahnstr. 75.
116 1803 1269 1867 Eigene Vertretungen im Ausland: Warschau, Sofia,
119 1851 545 1906 Klagenfurt u. Athen.
116 1887 1271 1945 Besondere Angaben: Zuerst wurde mit der Herstellung.
119 1929 1267 1988 von Auto-Hebebühnen begonnen. — 1929 wurde eine be-
114 1972 1269 2032 sondere Abteilung für Kranbau eingerichtet. — 1935 wurde
119 2016 1267 2073 ein Zweigwerk in Dresden-Kaitz käuflich erworben, das
116 2059 1267 2114 für die Herstellung von Kompressoren vorgesehen wurde.
116 2094 1267 2155 Der Gesamtumsatz hat sich gegenüber 1935 verdreifacht.
116 2144 1265 2204 Gefolgschaft: 100 Mitglieder (davon sind 15 Lehrlinge u.
116 2183 433 2263 19 Angestellte).
1398 334 2566 403 kation in Leipzig zusammengefaßt u. die Werkstätten in
1398 384 2294 442 Frankfurt/M. dementsprechend verkleinert.
1398 419 2321 488 Gefolgschaft: 13 Arbeiter u. 40 Angestellte.
1395 572 2378 662 Friedrich Kling Maschinenfabrik,
1398 646 2564 733 Nordhausen (Harz), Helmestraße 21/22.
1398 737 2209 806 Fernruf: 1147. Drahtanschrift: kling
1404 778 1771 838 Gründung: 1903.
1400 817 2566 882 Fabrikationsprogramm: Füllapparate u. -maschinen für
1400 861 2562 921 die gesamte chem.-pharmaz. u. Nahrungsmittel-Industrie.
1400 907 1943 962 Inhaber: Friedrich Kling.
1402 950 2493 1012 Bankverbindung: Commerz- u. Privat-Bank A.-G.,
1404 987 1824 1053 Nordhausen a. Harz.
1404 1031 2140 1088 Postscheck-Konto: 28 213 Leipzig.
1402 1081 2005 1131 Geschäftsjahr: 1./1.—31./12.
1398 1127 2337 1200 Grundbesitz: 3300 qm, davon 900 qm bebaut.
1778 183 2566 265 Kleinschmidt — Klingelnberg
1395 1292 2566 1376 Robert Kling, Fabrik mech. Erzeugnisse,
1400 1367 2385 1443 Oberbiel b. Wetzlar, Kreisstr. 36.
1398 1443 2566 1516 Fernruf: Wetzlar 2424. Drahtanschrift: rokli wetzlar
1402 1500 1769 1555 Gründung: 1918.
1400 1541 2564 1601 Fabrikationsprogramm: Präzisions-Kugellager, Präzi-
1402 1583 2562 1642 sions-Zylinderrollenlager, Präzisions-Langrollenlager,
1404 1624 1851 1681 Präzisions-Stahlrollen.
1400 1658 2562 1727 Bankverbindungen: Commerz- u. Privat-Bank A.-G.,
1404 1706 2106 1768 Nassauische Landesbank, Wetzlar.
1398 1745 2236 1812 Postscheck-Konto: 24 768 Frankfurt/M.
1400 1803 2564 1871 Eigene Vertretung in Berlin: Richard Heede, Bln.-
1400 1855 2514 1919 Charlottenbg. 2, Kurfürstenallee 46; Fernruf: 31 39 01.
116 2428 575 2517 Klimsch & Co.,
114 2506 669 2588 Frankfurt a. Main,
116 2575 792 2657 Alte Mainzer Gasse 37.
114 2662 1054 2733 Fernruf: 29 744. Drahtanschrift: polygraph
121 2710 467 2765 Gründung: 1858.
116 2737 1271 2808 Fabrikationsprogramm: Apparate u. Maschinen für die
119 2785 1269 2854 Reproduktionstechnik aus Holz u. Metall. — Photo-
116 2836 1271 2902 chemische Erzeugnisse für die Druck- u. Reproduktions-
121 2877 275 2934 technik.
119 2907 1271 2987 Gesellschafter: E. Klimsch, Dr. P. Schumacher, K.
119 2953 362 3021 Schumacher.
123 3005 990 3065 Prokuristen: A. Bühl, U. Heckel, F. Roß.
119 3047 1274 3106 Bankverbindungen: Reichsbank, Deutsche Bank u. Dis-
121 3090 1200 3143 conto-Ges., Frankfurter Gewerbekasse, Frankfurt/M.
116 3125 914 3189 Postscheck-Konto: 1864 Frankfurt/M.
116 3177 689 3235 Geschäftsjahr: 1./7.—30./6.
116 3235 1271 3296 Grundbesitz: 1420 qm, davon 1300 qm bebaut; gesamte
119 3273 536 3338 Nutzfläche: 4200 qm.
121 3326 1271 3377 Anlagen: Fabrikationsräume mit verschieden Metall- u.
119 3356 1271 3427 Holzbearbeitungsmaschinen; chemische Laboratorien.
121 3404 637 3459 Lehr- u. Versuchsanstalt.
119 3445 1271 3503 Besondere Angaben: 1890 Errichtung eigener photo-
121 3491 1271 3551 mechanischer Lehr- u. Versuchsanstalt. — 1900 Auf-
119 3535 1271 3587 nahme der Fabrikation von Apparaten u. Maschinen für
119 3571 1271 3629 die Reproduktionstechnik. — 1926 Erwerb der Fa. „Falz
116 3610 1274 3688 & Werner, Leipzig. — 1929 wurde die gesamte Fabri-
1404 2007 2273 2098 W. Ferd. Klingelnberg Söhne,
1398 2080 2097 2169 Remscheid-Berghausen,
1400 2155 2069 2245 Berghauser Str. 54/62.
1400 2242 2378 2300 Fernruf: 47 141. Drahtanschrift: globuswerk
1402 2291 1773 2346 Gründung: 1814.
1398 2330 2562 2385 Fabrikationsprogramm: Werk Remscheid-Preyers-
1400 2371 2562 2426 mühle: Schmiedestücke, Stahl auf Eisen; Maschinen-
1400 2412 2559 2469 messer; Schleifmittel. — Werk Remscheid-Berghausen:
1404 2453 2559 2508 Maschinenmesser. — Werk Hückeswagen: Präzisions-
1402 2492 2559 2556 Werkzeugmaschinen, Zahnradbearbeitungsmaschinen,
1402 2540 2559 2595 Spiralkegelräder, Genauigkeitswerkzeuge. — Werk
1402 2579 2562 2637 Rotterdam: Hochwertige Werkzeuge u. Maschinenteile.
1400 2621 2555 2680 Gesellschafter: Dr. ing. h. c. G. Adolf Klingelnberg.
1402 2655 2559 2721 Remscheid-Berghausen; Erben Konsul Walter Friedr.
1404 2703 1675 2763 Klingelnberg.
1402 2740 2482 2804 Geschäftsführer: Dr. ing. h. c. Adolf Klingelnberg.
1402 2788 2562 2843 Prokuristen: Dir. Dr. Herm. Jackowski, Dir. Ing. Max
1404 2834 2562 2889 Zeidler, Obering. Heinrich Schicht, Gottlieb Zander,
1402 2868 2562 2932 Ernst Mentzel, Karl Bonsen, Willi Fuchs, Eugen Sonne-
1400 2916 2252 2971 born, Ing. Karl Buchholz, Erich Marcus.
1400 2957 2564 3019 Bankverbindungen: Reichsbank, Deutsche Bank u. Dis-
1404 3005 1876 3060 conto-Ges., Remscheid.
1400 3042 2117 3097 Postscheck-Konto: 109 470 Köln.
1398 3083 1977 3147 Geschäftsjahr: 1./7.—30./6.
1398 3131 2562 3209 Besondere Angaben: Das Unternehmen befaßt sich
1402 3196 2559 3255 nicht nur mit dem Verkauf der eigenen Erzeugnisse,
1400 3235 2559 3287 auch mit dem Wiederverkauf von solchen Fabrikaten,
1400 3280 2559 3333 die dem eigenen Erzeugungsprogramm entsprechen. Die
1402 3322 2562 3381 Lieferungen geschehen mit einem hohen Anteilsatz nach
1402 3363 2117 3418 einer großen Anzahl von Ländern.
1404 3400 2562 3461 Mit der genannten Stammfirma sind die folgenden Toch-
1404 3441 2559 3505 tergesellschaften verbunden: W. Ferd. Klingelnberg
1407 3484 2559 3546 Söhne G. m. b. H., Ostabteilung, Berlin W 35. — W.
1404 3532 2559 3587 Ferd. Klingelnberg Söhne G. m. b. H., Chemnitz. —
1409 3569 2559 3624 W. Ferd. Klingelnberg Söhne G. m. b. H., Düsseldorf. —
1407 3608 2566 3690 W. Ferd. Klingelnberg Söhne, G. m. b. H., Frankfurt
2452 3787 2566 3869 297
