2796 4124
112 320 1274 391 Trocknungsanlagen, Be-, Entlüftungs-, Heizungs- und
114 375 405 430 Klimaanlagen.
114 407 889 481 Inhaber: Friedr. Epple, Wilh. Siegle.
116 449 1274 517 Bankverbindungen: Gewerbebank e. G. m. b. H.,
119 497 699 556 Städt. Girokasse, Feuerbach.
116 538 880 600 Postscheck-Konto: 29 973 Stuttgart.
112 579 733 648 Geschäftsjahr: Kalenderjahr.
114 639 607 707 Grundbesitz: 1708 qm.
114 689 591 749 Anlagen: Verzinkerei.
114 797 1221 907 Siegrheinische Registrierwaagenfabrik
121 882 721 976 „Fix“ Peter Steimel,
114 948 1187 1047 Hennef-Sieg (Rhld.), Bonner Straße.
116 1040 1097 1106 Fernruf: 402. Drahtanschrift: fix hennef sieg
119 1088 474 1150 Gründung: 1918.
119 1111 1278 1191 Fabrikationsprogramm: Automatische, patentierte
121 1161 1276 1234 Netto-Schütt-Registrierwaagen, Absack- u. Abfüllwaagen
119 1207 1278 1273 für groß- u. kleinstückige, körnige, mehl- u. pulverför-
121 1248 1278 1317 mige Wiegematerialien sowie Flüssigkeiten. Universal-
121 1292 1235 1354 Transport- u. Packtische für Kleinbeutel-Packanlagen.
123 1338 822 1404 Inhaber: Fabrikant Peter Steimel.
123 1374 1283 1443 Bankverbindungen: Dresdner Bank, Bonn; Amtsspar-
123 1427 511 1484 kasse, Hennef-Sieg.
123 1466 804 1528 Postscheck-Konto: 43 283 Köln.
121 1505 726 1576 Geschäftsjahr: 1./1.—31./12.
123 1564 1116 1628 Grundbesitz: 12 500 qm, davon 3000 qm bebaut.
126 1608 1285 1672 Anlagen: Werkstätten für maschinelle Bearbeitung:
123 1649 1283 1713 Blechbearbeitung, Schlosserei, Dreherei, Hoblerei, Fräse-
126 1693 1283 1759 rei, Bohrerei, Härterei, Schmiede, Schweißerei, Lackiere-
126 1736 1283 1798 rei, Montage, Prüfstände (Becherwerke), Krane, Lager-
126 1780 1143 1839 räume, Packerei, Garagen, kaufm. u. techn. Büros.
126 1819 1287 1885 Besondere Angaben: Gegründet unter der Firma „Pe-
126 1862 1287 1922 ter Steimel“. — 1926 starke Ausdehnung des Betriebes
126 1906 1274 1968 auf Grund erheblicher In- und Auslandsaufträge. —
128 1945 1290 2009 1933 steigender Umsatz, Exportanteil durchschnittlich
130 1993 231 2057 25%.
1400 320 2172 400 Siemen & Hinsch m. b. H.
1400 387 1838 469 Pumpenfabrik,
1402 453 2406 549 Itzehoe (Holstein), Lindenstr. 176.
1402 549 2333 620 Fernruf: 2735 u. 2753. Drahtanschift: sihi
1404 604 2227 655 Gründung: 1920; seit 1929 G. m. b. H.
1404 641 2559 703 Fabrikationsprogramm: Selbstansaugende Kreisel-,
1407 687 2559 742 Flansch-, Vertikal-, Tiefbrunnen- u. Feuerlösch- u.
1404 723 2564 788 Klein-Pumpen; Milchpumpen, Naßluft- u. Vakuumpum-
1407 769 1826 822 pen. Kompressoren.
1407 811 1895 870 Kapital: RM 200 000.—.
1407 840 2461 916 Anteileigner: Otto Siemen, Johs. Hinsch, Itzehoe.
1407 895 2339 953 Geschäftsführer: Otto Siemen, Johs. Hinsch.
1407 934 2564 992 Bankverbindungen: Westholsteinische Bank, Schleswig-
1407 978 2477 1037 Holsteinische Bank, Reichsbanknebenstelle, Itzehoe.
1407 1017 2181 1074 Postscheck-Konto: 34 346 Hamburg.
1407 1063 2012 1120 Geschäftsjahr: 1./1.—31./12.
1409 1134 2566 1209 Grundbesitz: 22 860 qm, davon 4700 qm bebaut; gesamte
1409 1182 1865 1244 Nutzfläche: 16 700 qm.
1409 1225 2566 1292 Anlagen: Maschinenfabrik mit den erforderlichen Neben-
1411 1273 2268 1333 betrieben; Abladeschuppen. Gleisanschluß.
1409 1324 2443 1383 Eigene Vertretungen im Ausland: Auf Anfrage.
1409 1372 2566 1429 Besondere Angaben: Gegründet unter der Fa, Siemen
1411 1409 2566 1473 & Hinsch o. H. G. in St. Margarethen zur Fabrikation
1414 1457 2566 1509 von selbstansaugenden Kreiselpumpen unter dem ein-
1411 1498 2566 1557 getragenen Warenzeichen „Sihi“. — 1925 Verlegung der
1409 1535 2564 1596 Fabrikation nach Itzehoe, wo ein neuer Fabrikbau er-
1416 1585 2569 1638 richtet worden war. — Bei dem guten Absatz der Sihi-
1411 1622 2566 1683 Pumpen befindet sich die Gesellschaft in steigender Ent-
1416 1661 2569 1718 wicklung. Sie hat die bahnbrechende Arbeit auf dem
1411 1700 2569 1766 Gebiet der selbstansaugenden Kreiselpumpe geleistet und
1411 1748 2365 1809 sich bis heute auch in der Führung behauptet.
1874 164 2555 247 Siegrheinische — Siemens
128 2096 1047 2183 Sielaff, Maschinenfabrik A.-G.,
128 2174 1031 2268 Berlin-Neukölln, Ziegrastr. 21.
132 2259 1205 2325 Gründung: 18./12. 1906 mit Wirkung ab 1./2. 1906.
132 2302 1290 2366 Fabrikationsprogramm: Warenverkaufsapparate, auto-
135 2341 1290 2407 matische Personenwaagen, Fahrkarten-, Postwertzeichen-
137 2394 708 2451 u. Restaurations-Automaten.
135 2435 623 2488 Kapital: RM 100 000.—.
139 2474 891 2531 Vorstand: Dr. ing. Gerhard Harwig.
137 2504 1297 2577 Aufsichtsrat: Götz Harwig, Berlin; Rentier August
137 2559 426 2618 Harwig, Gera.
135 2595 1210 2659 Bankverbindung: Deutsche Bank u. Disconto-Ges.
132 2643 754 2705 Geschäftsjahr: Kalenderjahr.
135 2696 1297 2765 Besondere Angaben: 1925 Verlegung des Betriebes nach
137 2747 1292 2806 Bln.-Neukölln in einen Fabrikneubau. — 1934 größere
137 2790 1292 2854 Fortentwicklung durch Verkauf von Zigarettenauto-
137 2836 944 2893 maten zum Betrieb in Gastwirtschaften.
1416 1979 2342 2071 Siemens-Schuckertwerke A.-G.,
1414 2057 2014 2137 Berlin-Siemensstadt.
1416 2146 2404 2213 Fernruf: 34 00 11. Drahtanschrift: wernerdyn
1420 2204 2103 2256 Gründung: 1903; seit 1927 A.-G.
1420 2240 2578 2307 Fabrikationsprogramm: Maschinen u. Apparate auf
1420 2288 2349 2341 dem Gebiete der gesamten Starkstromtechnik.
1420 2327 1993 2387 Kapital: RM 120 000 000.—.
1425 2355 2575 2423 Vorstand: Vors.: Dr. ing. e. h. Carl Köttgen. Neu-
1423 2405 2571 2469 Babelsberg; Geh. Komm.-Rat Dr. ing. e. h. Max Bert-
1423 2451 2573 2508 hold, Nürnberg; Dr. ing. e. h. Rudolf Bingel, Bln.-Char-
1420 2492 2575 2559 lottenburg; Fritz Fessel, Bln.-Grunewald; Dr. jur. Fritz
1423 2538 2573 2591 Jessen, Bln.-Dahlem; Dr. ing. e. h. Hermann Reyss, Bln.-
1425 2572 2573 2634 Westend; Dr. ing. Karl Rissmüller, Bln.-Dahlem; Dr. jur.
1423 2616 2573 2678 Oskar Sempell, Bln.-Zehlendorf; Dr. phil. Erich Thürmel,
1425 2662 2575 2726 Bln.-Dahlem; Dr. phil. Ludwig von Winterfeld, Bln.-
1425 2703 2575 2765 Charlottenburg. Stellv. Vorstandsmitglieder: Dr. Karl
1425 2749 2575 2806 Knott, Nürnberg; Georg Leipersberger, Glasow, Bez.
1425 2788 2580 2847 Potsdam; Georg Nikolaus Reinhart, Bln.-Charlottenburg;
1425 2829 2431 2895 Dr. rer. pol. Wolf-Dietrich von Witzleben, Berlin.
1425 2870 2578 2934 Aufsichtsrat: Vors.: Dr. ing. e. h. Dr. rer. nat. h. c.
1425 2914 2575 2971 Carl Friedrich von Siemens, Berlin; Stellv.: Dr. ing. e. h.
1425 2957 2578 3019 Dr. rer. nat. h. c. Geh. Komm.-Rat Oskar Ritter von
1425 3001 1769 3063 Petri, Nürnberg.
1425 3035 2023 3099 Geschäftsjahr: 1./10.—30./9.
1425 3095 2582 3177 Anlagen: Die Gesellschaft besitzt für ihre Verwaltung
1427 3157 2580 3216 und für Werkstätten und Betriebsanlagen Grundstücke in
1427 3198 2404 3257 Berlin, Nürnberg, Mülheim und anderen Orten.
1427 3232 2582 3308 Eigene Vertretungen im Ausland: Vertriebsorganisa-
1430 3283 2582 3354 tion gemeinsam mit der Siemens & Halske A.-G. in Eu-
1430 3328 1812 3390 ropa und Übersee.
1427 3356 2585 3432 Besondere Angaben: Das Unternehmen wurde als
1434 3409 2456 3466 „Siemens-Schuckertwerke G. m. b. H.“ gegründet.
1430 3441 2582 3514 Die Gefolgschaft der Siemens & Halske A.-G., der Sie-
1430 3484 2582 3558 mens-Schuckertwerke A.-G. und der abhängigen Gesell-
1432 3535 2580 3601 schaften im In- und Auslande ist auf 137 000 gestiegen,
1430 3576 2410 3661 von denen 117 000 im Inlande beschäftigt sind.
135 2950 634 3033 Hans Sielemann,
132 3012 1047 3102 Bünde i. Westf., Winkelstr. 34.
137 3097 935 3166 Fernruf: 2745. Drahtanschrift: sian
139 3150 492 3207 Gründung: 1921.
139 3186 1191 3248 Fabrikationsprogramm: Maschinenmesser-Schleif-
139 3230 1184 3290 maschinen; Schraubstöcke. Nutenziehvorrichtungen.
144 3273 685 3333 Inhaber: Hans Sielemann.
139 3312 1297 3377 Bankverbindung: Bank für Handel und Gewerbe e. G.
144 3363 662 3416 m. b. H., Bünde i. Westf.
139 3400 923 3461 Postscheck-Konto: 49 695 Hannover.
139 3443 763 3500 Geschäftsjahr: Kalenderjahr.
142 3503 1090 3571 Grundbesitz: 2500 qm, davon 400 qm bebaut.
142 3553 884 3606 Anlagen: Mechanische Werkstätten.
142 3594 870 3658 Gefolgschaft: 40 bis 50 Mitglieder.
144 3791 222 3894 **
2482 3764 2594 3849 563
